1916 3198
388 303 439 345 38
902 317 954 344 DE
984 316 1130 346 Locms
1159 315 1370 346 opum-ns.

453 396 502 441 In
527 396 694 442 eodem
721 395 919 453 sacello,
949 395 1064 456 pulli
1093 395 1339 442 marmoris
1370 395 1684 455 fragmentum
1718 393 1766 439 in
1795 406 1876 438 ex-

389 478 560 525 teriore
588 464 764 540 pariete
790 477 1022 524 inclusum
1057 494 1067 523 :

972 611 1300 655 φειΔοΛΑογ

1010 683 1057 724 m
1091 682 1262 740 Θεοιξ

450 823 501 868 In
537 822 708 869 sacello
742 823 891 870 Sancti
931 823 1136 869 Demetrii
1173 822 1261 869 sub
1290 836 1409 884 pago
1436 820 1700 880 aedificato,
1735 833 1881 882 supra

387 913 567 968 portam
588 941 602 964 ,
634 919 908 953 marmoreae
935 905 1109 952 tabulae
1132 905 1447 966 fragmentum
1474 921 1484 950 :

984 1061 1287 1104 ΣΩΣΙΝΕΙΚΕ

933 1133 1152 1175 ΧΡΗΕΤΕ
1184 1133 1339 1174 ΧΑΙΡΕ

452 1272 603 1333 Pagus
642 1278 799 1319 autem
844 1273 1096 1333 Proskyna,
1141 1286 1281 1332 quem
1325 1270 1540 1318 offendes
1581 1271 1700 1317 duas
1741 1269 1882 1317 horas

389 1362 636 1416 postquam
687 1356 872 1401 Martini
922 1354 1196 1416 reliqueris,
1244 1354 1291 1399 in
1343 1354 1467 1400 olivo
1520 1353 1653 1400 collis
1702 1352 1884 1414 positus

389 1445 487 1501 est,
527 1439 607 1499 qui
658 1438 826 1485 leniter
872 1438 932 1484 ad
977 1451 1105 1484 mare
1153 1437 1423 1484 devehitur.
1468 1437 1564 1495 Ibi,
1607 1437 1655 1482 in
1703 1422 1914 1484 tumulo¹

389 1522 593 1583 quodam
622 1522 703 1583 qui
735 1535 855 1583 pago
883 1521 1124 1578 imminet,
1155 1521 1326 1582 cuique
1358 1521 1418 1567 ab
1446 1520 1680 1581 indigenis
1712 1533 1883 1566 nomen

391 1607 440 1651 τὸ
481 1608 666 1668 Φρούριον
703 1605 975 1666 impositum
1015 1610 1113 1662 est,
1155 1604 1314 1665 aliqua
1351 1603 1643 1665 antiquitatis
1685 1591 1916 1663 vestigia}

391 1695 576 1734 servata
606 1695 743 1745 sunt3
775 1702 935 1734 murus
963 1687 1086 1734 enim
1125 1687 1183 1733 ad
1215 1693 1383 1734 terram
1418 1686 1620 1743 recisus,
1651 1686 1731 1747 qui
1760 1685 1916 1736 ⁴75³·
1906 1692 1916 1703 “

392 1771 543 1833 spatio
593 1771 639 1816 in
686 1778 864 1816 rectum
912 1770 1085 1827 tendit,
1135 1770 1310 1816 deinde
1348 1769 1550 1816 flectitur
1588 1777 1730 1831 atque
1765 1757 1916 1843 inter}

393 1853 562 1899 dumos
609 1853 936 1909 absconditur,
982 1853 1189 1913 antiquae
1225 1852 1458 1913 acropolis
1487 1852 1732 1899 circuitum
1766 1845 1916 1899 desi¹
1901 1875 1916 1934 3

393 1950 537 1997 gnare
585 1935 789 1981 videtur.
830 1934 943 1981 Tum
997 1950 1216 1997 quoque,
1259 1935 1305 1981 in
1352 1934 1510 1981 infima
1559 1936 1665 1996 pagi
1726 1940 1883 1997 parte,

395 2019 620 2066 nonnulla
673 2015 857 2080 reperta
914 2026 1023 2065 sunt
1079 2019 1325 2080 sepulcra,
1379 2018 1505 2065 unde
1556 2019 1668 2066 olim
1724 2018 1886 2065 urbem

397 2102 473 2149 hie
543 2102 757 2149 extitisse
825 2102 938 2148 satis
1013 2108 1226 2164 apparet.
1295 2102 1442 2156 Quam
1515 2109 1721 2148 veterem
1785 2113 1889 2149 esse

395 2185 610 2233 Cor-seam
646 2185 845 2231 libenter
885 2185 1251 2244 conjecerimus‚
1282 2199 1390 2246 quae
1419 2199 1444 2231 a
1474 2184 1713 2246 Koutorga
1746 2189 1902 2245 atque·

399 2268 591 2315 Bursian
635 2282 783 2330 prope
827 2283 995 2330 pagum
1035 2268 1251 2314 Malesv'na
1283 2268 1470 2330 ponitur
1504 2266 1596 2329 (⁴).
1638 2266 1900 2315 Pausanias

399 2366 568 2413 nempe
610 2351 675 2397 ait
711 2365 770 2397 ex
810 2350 1092 2413 Cyrtonibus
1138 2351 1349 2398 venienti
1389 2350 1708 2413 superandum
1747 2349 1890 2398 fuisse

399 2440 631 2490 montem,
671 2440 720 2480 ut
754 2433 969 2481 Corseam
1017 2434 1301 2494 attingeret:
1339 2431 1407 2478 Ἐκ
1436 2430 1481 2478 δὲ
1514 2437 1735 2496 Κυρτώνων
1770 2437 1899 2496 {mep-

399 2515 598 2563 ἕοὶλλοντι
630 2519 678 2562 τὸ
715 2518 801 2580 ὅρος
839 2518 1026 2580 πόλισμά
1062 2521 1147 2563 ἐστι
1182 2517 1358 2579 Κορσεία
1392 2514 1483 2579 (2).
1509 2514 1644 2571 Quod
1682 2521 1728 2563 et
1767 2527 1891 2564 nuno

399 2601 566 2648 viatori
598 2601 784 2659 evenit,
811 2601 849 2648 si
877 2601 1010 2662 quie,
1037 2602 1222 2647 Martini
1247 2600 1409 2647 relicto
1426 2634 1439 2659 ,
1467 2599 1701 2661 Proskyna
1730 2605 1889 2662 petere

441 2753 487 2793 (1)
506 2751 554 2784 Do
575 2751 767 2793 Koutorgn,
789 2753 930 2795 (lincam.
949 2754 1020 2792 cit..
1042 2763 1076 2795 p.
1095 2752 1155 2786 304
1173 2767 1178 2789 ;
1198 2751 1360 2790 Bursian.
1380 2761 1434 2795 op.
1454 2753 1524 2790 cit..
1548 2751 1574 2792 Ι,
1593 2762 1626 2795 p.
1654 2750 1724 2785 ¹92.

442 2810 486 2851 (Ἰ)
506 2810 667 2850 Ιίιυκιιη..
694 2810 757 2851 lx,
775 2810 827 2851 ⁸24,
847 2811 878 2844 5.
