1916 3198
319 221 368 261 74
829 234 881 263 na
909 233 1055 263 Locms
1085 233 1300 264 OPUN'rns.

318 312 403 360 sed
441 313 500 359 ab
547 312 744 359 aliarum
787 313 996 373 gentium
1041 313 1265 375 proxenis
1307 312 1530 375 opuntius
1573 325 1813 374 proxenus

319 396 435 442 nihil
459 396 650 444 videtur
676 396 896 443 diversus
921 396 1067 443 fuisse
1090 414 1101 442 ε
1127 395 1273 444 babet
1298 396 1445 453 enim,
1473 396 1596 443 sicut
1615 395 1712 454 alii,
1743 414 1818 441 πο-

316 480 492 536 λιτείαν,
520 484 594 542 γᾶς
617 481 804 528 ἔνκτησιν
831 481 901 524 καὶ
926 480 1072 537 οἰκίας,
1101 481 1351 542 ἀσφάλειαν,
1382 486 1471 526 etc.

382 562 456 609 111.
483 589 547 598 -
569 563 702 609 Nunc
727 562 1039 624 Opuntiorum
1069 576 1222 609 mores
1250 562 1505 623 studiaque
1535 561 1715 623 privata
1740 577 1820 609 ne-

316 647 572 693 cessarium
595 647 655 693 sit
674 646 996 705 considerare3
1024 646 1291 708 perspicere
1310 652 1524 707 oporteat
1541 645 1622 706 qui
1643 645 1818 692 fuerint

316 743 430 776 usus
459 736 676 788 veteres,
714 745 821 791 quae
864 729 1120 776 domestica
1148 729 1195 774 in
1233 729 1481 776 defunctos
1515 728 1691 790 pietas,
1721 742 1816 789 quo

316 813 457 860 modo
488 827 604 873 gens
632 813 773 860 fuerit
810 813 1093 870 constituta,
1128 826 1268 873 quem
1304 812 1455 858 locum
1495 811 1543 856 in
1570 817 1711 871 gente
1745 811 1815 857 fe—

316 896 441 942 mina
483 897 703 945 tenuerit.
740 897 851 943 Erat
889 896 1014 943 enim
1055 896 1102 941 in
1138 895 1211 942 his
1251 895 1354 942 sine
1390 894 1536 942 dubio
1571 894 1812 956 proprium

313 979 536 1041 quiddam
575 994 630 1027 ac
672 980 908 1043 peculiare
945 997 955 1026 ε
1005 979 1114 1036 sed,
1172 978 1500 1026 deficientibus
1551 978 1814 1026 documen-

315 1063 402 1120 tis,
445 1063 551 1120 illa,
596 1071 664 1112 tot
701 1064 874 1111 seculis
909 1077 935 1110 a
977 1069 1135 1110 nostra
1175 1068 1315 1110 aetate
1350 1068 1594 1124 separata,
1626 1076 1712 1109 nos
1739 1062 1811 1107 su-

311 1148 464 1208 giunt.

377 1231 474 1278 Hoc
494 1237 650 1278 tamen
665 1231 1140 1278 animadvertendum
1154 1236 1225 1277 est
1241 1230 1349 1290 (nec
1362 1229 1507 1276 semel
1521 1228 1814 1292 notavimus)

313 1311 563 1360 bellicosos
599 1313 893 1375 periculique
925 1319 1138 1360 amantes
1166 1311 1398 1374 Opuntios
1437 1312 1598 1358 fuisse.
1629 1311 1686 1357 Ut
1711 1326 1811 1358 om-

311 1410 395 1442 nes
432 1397 592 1458 populi
628 1397 802 1457 quibus
839 1396 1005 1443 incerti
1049 1395 1166 1443 fines
1204 1395 1474 1443 continuam
1517 1409 1662 1457 prope
1702 1394 1810 1441 belli

311 1479 605 1527 occasionem
633 1486 908 1542 suppetunt,
936 1480 1163 1526 militibus
1186 1479 1427 1540 vigebant,
1451 1485 1516 1542 et,
1539 1492 1809 1540 quanquam

311 1563 358 1608 in
395 1562 580 1610 illorum
622 1578 760 1624 agro,
791 1563 915 1610 sicut
951 1564 997 1609 in
1036 1563 1251 1625 pluribus
1280 1561 1473 1609 Boeotiae
1512 1561 1654 1619 locis,
1689 1576 1809 1608 nun·

309 1659 450 1707 quam
474 1647 646 1708 reperti
672 1653 781 1693 sunt
808 1646 929 1693 tituli
958 1647 1123 1707 longos
1151 1646 1349 1692 militum
1372 1645 1553 1692 indices
1580 1645 1809 1692 exhiben-

312 1736 382 1776 tes
414 1744 467 1776 ac
487 1730 757 1778 Boeotorum
791 1730 1008 1776 militaria
1038 1730 1274 1788 instituta,
1306 1729 1526 1791 imperia,
1571 1742 1699 1775 arma
1724 1743 1808 1776 nos

309 1812 552 1871 docentes,
579 1814 755 1861 seimus
781 1814 990 1875 profecto
1014 1827 1114 1870 eos,
1142 1813 1334 1873 trojanae
1352 1812 1670 1874 expeditionis
1697 1819 1809 1859 tem·

312 1911 449 1958 pore,
480 1897 742 1944 exercitum
772 1898 868 1957 Jam
898 1896 1105 1943 validum
1141 1911 1195 1943 ac
1223 1911 1526 1943 numerosum
1561 1895 1802 1944 habuisse.

309 1979 419 2026 Levi
457 1986 613 2027 autem
642 1987 879 2026 armatura
909 1980 1242 2042 praecellebant
1268 1979 1340 2043 (4)
1378 1997 1387 2025 :
1424 1994 1627 2041 namque
1650 1979 1806 2041 Ajacis

310 2061 480 2109 milites
513 2077 669 2124 neque
703 2063 833 2124 galea
863 2078 1017 2124 neque
1044 2070 1176 2110 scuto
1205 2078 1358 2124 neque
1397 2063 1528 2110 hasta
1557 2071 1689 2110 erant
1725 2078 1801 2111 ar-

307 2145 446 2202 mati,
477 2146 561 2192 sed
587 2160 697 2192 arcu
732 2147 1005 2207 pugnabant
1028 2145 1120 2208 (2).
1151 2147 1323 2193 Verum
1352 2147 1510 2208 equite
1535 2147 1800 2210 praecipue,

306 2234 356 2273 ut
395 2227 610 2287 videtur,
652 2236 786 2275 erant
825 2229 1071 2291 pollentes.
1116 2229 1482 2276 Mcmoravimus
1527 2230 1651 2276 enim
1687 2244 1798 2289 eOS,

305 2310 684 2373 peloponnesiaci
723 2312 832 2359 belli
872 2320 1039 2370 aetate,
1080 2314 1334 2360 maximam
1371 2314 1582 2374 equitum
1622 2321 1799 2375 partem

304 2393 672 2442 Lacedaemoniis
708 2395 970 2456 praebuisse
1005 2394 1097 2458 (3).
1127 2395 1239 2442 Tum
1271 2396 1317 2442 in
1350 2395 1515 2457 proelio
1552 2396 1677 2457 apud
1712 2398 1802 2443 De-

342 2562 370 2602 (l
407 2561 450 2596 V.
469 2572 510 2596 su
538 2572 587 2600 ra,
636 2587 644 2597 .
666 2564 697 2597 7.

345 2562 391 2662 (23
412 2621 465 2661 u..
490 2573 591 2661 Xplll.
610 2574 672 2656 1'3¹4
693 2633 767 2666 sqq.
789 2623 876 2657 Item
897 2625 931 2657 in
953 2626 1248 2668 peloponnesiaco
1265 2627 1356 2659 bello
1375 2626 1492 2659 0201ae
1512 2627 1625 2660 levem
1641 2628 1797 2660 armatu-

302 2688 375 2711 ram
397 2680 674 2715 Atheniensibus
693 2684 975 2726 suppeditabant.
1000 2684 1043 2718 V.
1065 2684 1190 2723 Thuc..
1213 2685 1277 2727 111,
1295 2685 1348 2726 97,
1369 2685 1402 2719 2.

343 2739 390 2780 (3)
408 2738 450 2773 V.
475 2750 592 2783 supra,
615 2752 648 2783 p.
666 2741 718 2775 20.
