1916 3198
338 241 390 282 14
852 253 905 283 DE
935 253 1082 283 Locms
1110 255 1322 285 opumns.

338 332 411 379 nis
437 333 600 394 patriae
627 333 891 394 proditores
915 333 1024 379 facti
1050 331 1144 395 (l).
1168 334 1260 381 Sed
1289 334 1529 381 nonnullae
1559 348 1620 381 ex
1641 334 1698 381 iis
1720 349 1830 395 gen·

339 416 481 474 tibus,
511 430 617 461 cum
646 416 919 462 nunciatum
951 421 1024 462 est
1048 417 1301 463 Leonidam
1329 417 1667 480 Thermopylas
1694 432 1832 465 occu·

339 498 544 560 pavisse,
575 513 761 545 rursum
797 499 857 545 ad
879 498 1068 546 Graecos
1102 500 1345 547 redierunt
1364 537 1375 557 ,
1402 501 1526 547 inter
1553 515 1672 562 quas
1698 500 1832 548 Locri

338 582 568 628 auxilium
615 589 837 645 spartano
889 582 998 628 duci
1044 583 1410 645 suppeditavere
1429 620 1441 643 ‚
1492 591 1539 630 et
1582 584 1832 631 Melienses

336 679 526 726 quoque
552 679 607 711 ac
627 665 882 723 Perrhaebi,
908 679 1169 726 omnesque
1190 665 1429 724 Thebani,
1459 666 1499 713 si
1523 667 1606 727 qui
1633 667 1830 728 persicae

338 748 554 796 factionis
588 762 683 795 non
722 755 910 806 essent,
951 749 1221 811 exemplum
1259 749 1349 797 hoc
1384 749 1551 795 imitati
1592 755 1703 796 sunt
1737 747 1829 813 (2).

337 831 591 878 Pausanias
623 838 783 879 censet
804 831 1031 879 *virorum
1063 847 1148 879 sex
1183 832 1326 878 millia
1357 833 1417 879 ab
1442 833 1659 894 Opuntiis
1689 832 1832 879 simul

336 921 478 975 atque
504 914 841 976 Epicnemidiis
866 915 925 961 ad
960 915 1215 962 Leonidam
1244 923 1339 961 tum
1366 916 1538 963 missos
1568 916 1712 963 fuisse
1737 913 1832 978 (3).

337 996 424 1052 Qui
455 997 638 1043 sortiter
667 1004 1017 1058 pugnaverunt.
1049 998 1290 1045 Strabonis
1323 998 1448 1045 enim
1485 1006 1722 1060 tempore,
1761 998 1833 1045 vi-

338 1080 452 1126 dere
471 1086 572 1126 erat
594 1094 740 1142 prope
761 1080 1098 1143 Thermopylas
1116 1082 1281 1142 ingens
1303 1082 1540 1143 quoddam
1562 1082 1831 1144 sepulcrum

336 1165 547 1226 quinque
579 1165 812 1211 columnis
847 1165 1108 1222 munitum,
1149 1165 1195 1210 in
1236 1165 1409 1226 quibus
1439 1166 1661 1227 inscripta
1699 1172 1835 1212 erant

338 1248 526 1295 nomina
568 1248 776 1295 omnium
816 1248 1025 1308 gentium
1066 1262 1173 1309 quae
1211 1248 1455 1295 Persarum
1500 1249 1724 1310 impetum
1768 1249 1833 1295 ibi

335 1332 692 1388 sustinuerant3
736 1345 796 1376 ex
836 1331 893 1376 iis
929 1338 1085 1377 autem
1124 1331 1356 1377 columnis
1393 1345 1487 1378 una
1525 1331 1614 1378 hoc
1654 1331 1834 1378 ferebat

336 1414 627 1477 epitaphium
662 1431 671 1459 ε

499 1560 618 1597 Τούςδε
637 1560 734 1591 ποθεῖ
752 1559 919 1601 φθιμένους
935 1560 1016 1602 ὑπὲρ
1042 1558 1195 1596 Ἑλλάδος
1214 1559 1311 1592 ἀντία
1330 1560 1449 1599 Μήδων

563 1619 760 1662 μητρόπολις
779 1621 917 1661 Λοκρῶν
939 1619 1123 1660 εὐθυνόμων
1152 1618 1285 1656 Ὀπόεις
1303 1618 1361 1660 (4).

401 1747 602 1805 Interea,
633 1760 728 1807 quo
756 1753 967 1808 tempore
990 1745 1140 1791 Graeci
1165 1745 1464 1792 terrestribus
1491 1746 1640 1807 copiis
1665 1746 1832 1794 Persas

336 1828 598 1892 propellere
644 1828 964 1887 conabantur,
1005 1828 1064 1874 ad
1111 1827 1414 1874 Artemisium
1458 1829 1828 1890 promontorium

333 1911 495 1959 classis
531 1911 828 1969 decertabat3
866 1924 961 1972 quo
1001 1912 1047 1957 in
1078 1911 1244 1973 proelio
1271 1927 1376 1958 cum
1412 1919 1591 1974 septem
1628 1912 1831 1960 navibus

331 1995 561 2058 Opuntios
583 1995 870 2057 pugnavisse
897 1995 1075 2042 scimus
1102 1993 1195 2058 (ὃ).
1220 1995 1316 2042 Etsi
1339 1995 1384 2041 in
1407 1995 1496 2043 hoc
1515 1994 1670 2043 navali
1691 2002 1833 2044 certa·

334 2079 460 2126 mine
485 2078 717 2125 feliciores
744 2092 885 2139 quam
911 2078 971 2124 ad
1002 2078 1339 2141 Thermopylas
1361 2079 1510 2126 Graeci
1539 2086 1795 2126 evaserunt
1816 2115 1828 2136 ,

337 2177 427 2211 non
471 2170 666 2225 potuere
709 2170 862 2210 tamen
908 2162 1159 2224 prohibere
1200 2163 1313 2224 quin
1358 2162 1582 2225 Euripum
1624 2163 1830 2211 hostium

333 2247 496 2295 classis
526 2248 751 2304 intraret,
782 2261 887 2292 cum
916 2247 1165 2293 Locrorum
1195 2261 1359 2307 agrum
1387 2247 1564 2294 interea
1589 2253 1831 2309 totamque

377 2419 421 2461 (l)
443 2418 590 2459 Herod„
612 2416 695 2455 Vll.
721 2416 797 2455 1322
817 2417 918 2451 Diod.
939 2417 1028 2459 Sic..
1055 2417 1119 2456 XI.
1141 2419 1172 2459 3,
1193 2417 1224 2451 2.

373 2479 420 2520 (2)
441 2478 543 2511 Diod.
563 2477 649 2515 Sic..
677 2477 741 2515 xl.
760 2477 790 2516 4.
808 2477 840 2510 ὓ.

372 2538 419 2581 (3)
440 2537 589 2570 l'nusun.
603 2561 611 2577 .
636 2535 665 2568 Χ
683 2563 689 2573 ,
710 2536 751 2569 20
765 2561 772 2575 ,
790 2536 820 2568 2.
843 2534 893 2568 Cs.
921 2535 1068 2573 Herod..
1094 2535 1159 2569 Vll
1178 2560 1185 2576 ‚
1206 2535 1280 2569 ⁴203.
1303 2535 1505 2569 Secundum
1526 2534 1767 2577 Herodotum,
1786 2536 1830 2570 ad

331 2596 587 2638 Thermopylas
604 2606 686 2629 cum
708 2598 780 2629 toto
796 2596 973 2633 exercitu.
995 2599 1201 2638 πανστρατιῇ
1215 2619 1223 2633 .
1249 2594 1348 2627 Locri
1369 2598 1552 2628 venerunt.
1578 2595 1624 2628 At
1644 2594 1828 2634 Diodorus.

338 2656 398 2693 xl,
421 2656 449 2693 4,
470 2655 501 2692 Ἴ.
522 2656 616 2687 millo
633 2659 768 2687 tuntum
786 2655 835 2687 nit
856 2655 1010 2687 nll'nisso.

374 2715 418 2755 (ΙΙ)
440 2715 569 2753 Simu..
598 2714 658 2752 lX.
680 2714 750 2746 425.

375 2775 419 2815 (5)
445 2773 587 2810 lim-od..
613 2772 716 2812 vm,
744 2772 771 2805 ι.
