1916 3198
52 83 76 96 «-

528 271 581 302 nn
608 272 749 310 sacrus
778 271 1070 303 opum-ronna:
1499 257 1548 298 53

55 354 274 416 argolicis
299 352 522 415 Pharygis
548 351 780 412 originem
815 350 1018 398 ducebat
1045 349 1138 413 (l).
1168 348 1229 396 At
1256 350 1344 411 ipsi
1371 348 1543 411 Phary-

54 451 219 501 garum
243 437 408 485 incolae
427 437 557 502 argei
581 435 735 483 coloni
759 435 1073 482 habebantur.
1101 433 1341 495 Quidquid
1367 433 1415 479 id
1439 438 1542 490 est,

54 519 156 573 fleri
182 520 332 584 potuit
357 526 408 567 ut
438 519 639 582 patrium
667 517 930 580 Argeorum
963 533 1162 575 numen,
1199 518 1376 564 incerta
1409 522 1547 563 aetate

48 602 101 653 >in
126 602 367 651 Locridem
396 602 699 661 translatum,
728 602 934 663 aliquam
961 601 1052 648 sibi
1085 601 1255 647 famam
1282 599 1409 662 apud
1436 598 1547 645 Tar-

52 686 167 754 phes
191 686 320 734 cives
339 685 704 749 comparaverit.
727 685 940 733 Ceterum
966 686 1067 732 haec
1088 685 1210 730 fama
1233 684 1419 744 longius
1441 697 1546 745 pro·

35 770 250 839 cessisse
276 783 372 818 non
398 769 610 817 videtur.

52 851 74 917 f}
116 853 240 902 Nihil
279 854 422 915 igitur
460 854 507 900 in
546 853 767 916 Opuntiis
800 854 1070 900 invenimus
1107 852 1235 914 quod
1271 851 1546 899 clarissimis

50 931 143 988 {llis
195 937 381 1000 templis
431 937 683 984 assimilari
732 944 875 999 queat
927 951 1035 998 quae
1086 937 1131 982 in
1193 936 1300 983 aliis
1353 936 1547 982 Graeciae

52 1007 260 1085 §artibus
290 1020 542 1079 extabant3
582 1034 668 1067 nec
702 1027 837 1067 erant
873 1033 1005 1066 sacra
1039 1019 1252 1067 solennia
1284 1019 1344 1065 ad
1374 1033 1482 1080 quae
1517 1032 1543 1064 e

35 1088 319 1166 &longinquis
358 1103 629 1165 regionibus
665 1112 967 1151 concurreret
1002 1104 1225 1165 frequens
1264 1102 1541 1160 multitudo;

55 1187 144 1246 bec
183 1187 259 1235 dei
303 1187 471 1234 medici
512 1187 810 1242 colebantur,
855 1201 1055 1248 quorum
1098 1186 1407 1233 laudarentur
1452 1185 1544 1232 late

46 1255 280 1327 ¹miracula
315 1270 592 1331 somniaque
628 1277 674 1316 et
709 1270 895 1317 oracula
926 1284 1165 1331 nunquam
1205 1270 1413 1316 fallentia
1447 1269 1538 1332 (2).

54 1347 230 1410 ¹Verum
282 1354 371 1401 hoc
431 1353 826 1400 considerandum
874 1362 946 1400 est
968 1390 979 1409 ‚
1043 1353 1349 1399 celeberrima
1401 1353 1544 1415 adyta

16 1477 17 1494 ἶ
57 1436 232 1494 circum
261 1436 489 1498 Opuntios
519 1436 733 1483 extitisse
758 1455 767 1481 :
794 1437 895 1483 haec
926 1436 1068 1497 igitur
1103 1438 1257 1484 forsan
1292 1450 1433 1483 causa
1462 1436 1550 1482 suit

18 1526 140 1590 ¹'cur
178 1520 266 1583 ipsi
310 1534 548 1582 nunquam
591 1519 859 1567 habuerint.
904 1520 1019 1566 Nam
1061 1520 1100 1567 si
1137 1520 1389 1567 Locrorum
1430 1519 1547 1566 fines

17 1593 20 1629 ⁴³
58 1592 422 1670 perlustramus,
450 1604 652 1666 primum
676 1604 735 1650 ad
766 1603 1103 1667 Thermopylas
1134 1603 1315 1650 Cereris
1350 1603 1550 1650 offendi-

60 1672 162 1750 §ms
186 1687 428 1750 templum,
455 1687 501 1732 in
523 1701 617 1748 quo
637 1687 1007 1749 Amphictyones
1027 1687 1273 1734 consilium
1297 1688 1550 1748 quotannis

61 1769 292 1835 habebant
312 1768 413 1834 (3),
437 1785 542 1816 cum
564 1771 683 1817 alter
701 1771 812 1816 anui
841 1778 1104 1817 conventus
1128 1770 1318 1832 Delphis
1339 1770 1546 1817 sederet.

42 1850 172 1901 'Tuffl
199 1854 246 1900 in
272 1852 521 1900 Phocidem
556 1853 983 1916 descendentibus,
1015 1853 1139 1900 haud
1175 1854 1334 1915 procul
1370 1854 1430 1900 ab
1466 1868 1550 1915 op·

65 1935 172 2000 pido
197 1935 334 1995 Abis,
366 1937 594 1998 Apollinis
630 1938 869 1984 oraculum
904 1944 1124 1999 apparet,
1155 1937 1283 1999 quod
1310 1952 1335 1983 a
1364 1937 1518 1984 Persis
1537 1974 1548 1994 ,

63 2017 233 2071 deinde
248 2055 261 2079 ,
288 2019 537 2082 phocensis
560 2021 669 2067 belli
700 2028 928 2083 tempore,
956 2035 981 2067 a
1009 2020 1242 2067 Thebanis
1267 2029 1547 2079 crematum,

56 2102 150 2153 {ub
175 2117 365 2151 romana
397 2112 551 2151 tamen
585 2105 908 2152 dominatione
942 2105 1081 2151 etiam
1115 2105 1387 2163 colebatur3
1416 2106 1551 2166 cujus

23 2220 25 2222 ψ
64 2181 218 2242 'ruinas
244 2186 496 2234 Pausanias
532 2187 757 2234 describit
788 2186 880 2258 ζ4).
911 2187 1028 2234 Ecce
1056 2202 1198 2244 vero,
1229 2189 1275 2234 in
1313 2189 1552 2235 montibus

23 2275 25 2278 ⁴
62 2269 142 2333 qui
163 2269 351 2332 Copaidi
377 2271 649 2330 imminent,
682 2272 793 2318 urbs
819 2270 1068 2332 Acraephia
1098 2272 1254 2318 sanum
1283 2278 1424 2332 atque
1451 2286 1553 2319 ora-

25 2524 27 2528 *
106 2473 151 2516 (l)
171 2473 298 2512 Strab..
320 2474 385 2515 IX,
409 2475 480 2509 426.
502 2474 556 2509 Cf.
576 2475 753 2517 Eustath.‚
773 2478 814 2509 In
830 2477 885 2516 1t.,
907 2487 942 2518 p.
963 2475 1037 2509 277.

26 2538 27 2571 j
68 2574 77 2581 ἢ,
108 2531 152 2575 (2)
171 2531 310 2566 Titulus
331 2534 367 2566 G.
390 2534 419 2566 1.
448 2534 506 2573 6.,
539 2535 634 2572 1755,
662 2536 721 2576 qui
741 2535 783 2567 ad
805 2535 1000 2578 AEsculapii
1024 2536 1159 2568 cultum
1182 2537 1354 2577 pertinet,
1382 2545 1554 2577 quemque

25 2576 29 2640 ἰ
66 2586 195 2634 Opunti
214 2590 348 2625 Boeckb
364 2593 531 2635 assignat,
554 2594 597 2626 ad
616 2595 806 2627 boeoticam
825 2594 998 2636 Hyettum
1019 2597 1072 2627 est
1088 2595 1305 2628 referendus.
1329 2593 1374 2627 V.
1395 2594 1484 2628 Bull.
1515 2596 1555 2627 de

26 2648 29 2689 ἑ
66 2657 150 2686 eon.
165 2650 299 2692 hellen„
318 2652 366 2689 ΙΙ,
383 2662 416 2694 p.
438 2652 512 2692 502,
536 2663 572 2686 n.
600 2653 650 2687 11.

27 2709 30 2740 1
106 2707 151 2752 (a)
171 2707 300 2750 strab„
321 2710 387 2751 1x,
409 2711 483 2745 429.

110 2767 154 2811 (4)
173 2768 337 2812 Pausan„
361 2770 407 2813 Χ,
430 2770 483 2810 35,
506 2771 573 2806 1-4.
