1916 3198
331 207 379 247 10
846 222 899 250 nn
929 221 1075 250 Locms
1103 221 1310 251 opuwrns.

329 305 464 345 erant
487 300 665 347 vestiti.
695 298 757 345 At
779 299 1020 358 nonnulli,
1045 307 1125 347 aut
1150 301 1360 348 acutiore
1378 302 1582 363 quodam
1608 301 1818 361 ingenio,

329 390 410 428 aut
437 383 580 428 nimia
613 397 723 443 erga
754 384 950 445 patriam
975 384 1168 431 caritate
1195 385 1409 446 praediti,
1440 385 1562 431 sicut
1590 383 1822 446 Archytas

329 464 711 527 Amphissensis,
742 481 914 514 nomen
942 467 1031 514 hoc
1061 468 1336 514 asserebant
1363 483 1424 515 ex
1451 468 1714 515 innumeris
1742 466 1824 514 flo-

330 548 460 595 ribus
488 548 674 607 fictum‚
708 550 880 611 quibus
908 557 1003 597 tota
1025 585 1038 606 ‚
1066 557 1116 596 ut
1143 551 1263 597 fama
1294 558 1398 610 est,
1437 552 1567 612 regio
1595 559 1695 598 erat
1727 551 1821 597 dis-

333 632 472 679 tincta
514 631 708 696 (1).Ει
749 632 942 680 Occidui
988 634 1119 680 Locri
1160 633 1315 681 Ozolae
1364 634 1641 681 dicebantur
1664 671 1677 692 ‚
1727 648 1822 695 quo

331 715 513 762 facilius
538 716 918 764 discernerentur
953 718 1011 763 ab
1050 717 1105 763 iis
1146 718 1225 778 qui
1262 717 1381 763 ultra
1419 717 1729 775 Parnassum,
1763 717 1823 763 ad

330 799 559 846 orientem
586 801 729 859 versi,
756 801 1030 847 habitabant
1050 799 1141 863 (2).
1165 800 1411 847 Ozolarum
1437 807 1593 848 autem
1620 801 1823 848 maxima

331 884 504 945 oppida
532 891 666 930 erant
691 884 942 946 Amphissa
970 892 1112 946 atque
1137 885 1404 946 Naupactus
1431 883 1522 948 (3).

396 968 644 1015 Recentior
668 975 740 1014 est
765 968 1182 1030 Epizephyriorum
1209 968 1392 1015 colonia
1408 1004 1420 1026 ,
1445 983 1618 1029 neque,
1643 967 1682 1014 si
1703 967 1826 1014 Stra-

330 1050 442 1098 boni
487 1051 748 1109 credimus,
797 1059 906 1097 ante
940 1050 1188 1098 Crotonam
1222 1052 1574 1114 Syracusasque
1611 1051 1825 1099 conditas

331 1135 558 1192 formata,
594 1149 689 1196 quo
723 1134 776 1181 fit
809 1142 858 1181 ut
890 1135 1051 1196 primis
1084 1135 1268 1197 septimi
1306 1135 1452 1182 seculi
1484 1135 1620 1182 annis
1648 1136 1825 1182 consti-

332 1225 430 1265 tuta
453 1219 514 1264 sit
541 1217 632 1281 (4).
673 1218 801 1265 Idem
840 1218 1175 1281 Epizephyrios
1214 1219 1274 1265 ab
1308 1217 1462 1266 Ozolis
1497 1219 1726 1266 deductos
1762 1218 1827 1264 ait

331 1309 377 1348 et
403 1303 586 1352 οἰκιστήν
613 1302 874 1348 Euanthem
905 1302 1156 1363 quemdam
1191 1302 1438 1358 habuisse,
1475 1302 1610 1362 cujus
1652 1315 1824 1349 nomen

331 1385 575 1447 Hyanthea
603 1385 714 1431 urbs
746 1386 903 1432 refert.
935 1384 1084 1431 Aliter
1118 1400 1232 1432 vero
1265 1392 1427 1432 censet
1459 1385 1673 1447 Ephorus
1693 1421 1704 1442 ,
1742 1385 1823 1447 qui

331 1467 668 1530 Epizephyrios
695 1467 911 1530 Opuntiis
937 1469 1129 1516 colonos
1151 1469 1328 1515 addicit
1350 1467 1441 1532 (5).
1471 1468 1618 1523 Quam
1642 1469 1827 1530 opinio-

331 1566 436 1598 nem
465 1551 721 1600 Pausanias
751 1567 941 1613 quoque
967 1553 1102 1613 sequi
1143 1553 1333 1599 videtur
1353 1591 1364 1610 ,
1399 1568 1506 1599 cum
1538 1559 1695 1599 narrat
1722 1552 1826 1613 Epi-

331 1635 580 1697 zephyrios
609 1636 653 1681 in
695 1635 871 1697 proeliis
899 1635 1090 1695 AJ’acem
1110 1671 1120 1691 ,
1151 1634 1462 1697 Opuntiorum
1504 1650 1661 1692 more,
1693 1635 1826 1682 invo-

331 1733 439 1765 care
462 1719 625 1766 solitos
653 1718 732 1781 (6).
760 1718 942 1776 Quare,
967 1725 1014 1764 et
1037 1719 1162 1780 apud
1184 1719 1404 1780 antiquos
1427 1719 1651 1765 incertam
1682 1719 1828 1765 fuisse

332 1802 748 1865 Epizephyriorum
767 1802 996 1863 originem
1018 1802 1235 1849 videmus
1258 1820 1266 1848 :
1290 1803 1417 1849 unde
1434 1802 1665 1865 Scymnus
1685 1802 1828 1849 Chius

334 1894 582 1947 utramque
608 1886 878 1948 opinionem
907 1886 1105 1943 indicat,
1135 1886 1219 1933 sed
1246 1886 1439 1932 alteram
1468 1893 1623 1932 tamen
1657 1886 1828 1932 fatetur

334 1969 482 2030 magis
511 1968 747 2029 vulgatam
781 1983 911 2026 esse,
953 1969 1013 2015 ab
1037 1968 1254 2030 Opuntiis
1281 1968 1459 2015 scilicet
1489 1968 1828 2031 Epizephyrios

333 2066 438 2100 esse
474 2052 703 2099 deductos
740 2050 832 2116 (7).
874 2052 923 2098 ld
965 2059 1123 2099 autem
1169 2052 1424 2099 verisimile
1464 2058 1564 2110 est,
1599 2051 1828 2114 Opuntios

332 2136 471 2183 simul
501 2144 643 2197 atque
669 2134 833 2183 Ozolas
861 2136 1060 2182 italicam
1087 2135 1318 2183 coloniam
1350 2135 1699 2183 informavisse.
1725 2135 1829 2183 For-

373 2316 421 2358 (1)
441 2315 547 2356 plut„
570 2319 689 2355 Quam.
707 2325 816 2358 amc„
842 2316 890 2349 15.
913 2314 957 2348 V.
978 2318 1012 2349 ct
1031 2317 1094 2348 has
1115 2316 1373 2358 explicationes
1402 2317 1438 2348 et
1462 2315 1549 2349 alias
1574 2314 1667 2358 apud
1696 2313 1834 2347 Pausa-¹

335 2376 439 2414 niam,
468 2375 513 2416 X,
534 2375 586 2418 38,
609 2375 678 2409 1-4.

378 2436 423 2478 (2)
448 2436 621 2477 Enetum..
643 2437 686 2470 In
706 2436 760 2474 lt..
781 2447 813 2479 p.
832 2436 906 2470 277.

375 2496 423 2539 (3)
441 2496 571 2534 8ῑταὺ.,
595 2495 659 2537 ῙΧ,
682 2496 755 2530 426.

378 2555 423 2598 (lt)
444 2555 508 2596 Id..
530 2555 593 2597 Vl,
611 2556 685 2590 259.

379 2616 423 2657 (5)
447 2615 513 2658 Ap.
535 2615 662 2654 Str-ab..
680 2616 742 2656 VI,
763 2616 835 2650 259.

375 2675 421 2716 (6)
444 2674 608 2713 Pnusun..
637 2674 698 2713 111.
724 2675 772 2715 19,
798 2675 844 2708 12.

377 2734 423 2776 (7)
440 2734 585 2777 Βογηιη,
609 2732 685 2771 Ch„
707 2734 780 2768 318.
