<?xml version="1.0" encoding="UTF-8"?>
<!DOCTYPE html PUBLIC "-//W3C//DTD XHTML 1.0 Transitional//EN"
    "http://www.w3.org/TR/xhtml1/DTD/xhtml1-transitional.dtd">
<html xmlns="http://www.w3.org/1999/xhtml" xml:lang="en" lang="en">
 <head>
  <title>
</title>
<meta http-equiv="Content-Type" content="text/html;charset=utf-8" />
  <meta name='ocr-system' content='tesseract 3.04.00' />
  <meta name='ocr-capabilities' content='ocr_page ocr_carea ocr_par ocr_line ocrx_word'/>
</head>
<body>
  <div class='ocr_page' id='page_1' title='image "./delocrisopuntiis00gira_0053.png"; bbox 0 0 1916 3198; ppageno 0'>
   <div class='ocr_carea' id='block_1_1' title="bbox 602 274 1594 319">
    <p class='ocr_par' dir='ltr' id='par_1_1' title="bbox 602 274 1594 319">
     <span class='ocr_line' id='line_1_1' title="bbox 602 274 1594 319; baseline -0.003 -1"><span class='ocrx_word' id='word_1_1' title='bbox 602 287 800 319; x_wconf 74' lang='lat' dir='ltr'>Rsseroms</span> <span class='ocrx_word' id='word_1_2' title='bbox 826 287 1086 318; x_wconf 75' lang='lat' dir='ltr'>DESCRIPTIO.</span> <span class='ocrx_word' id='word_1_3' title='bbox 1546 274 1594 315; x_wconf 90' lang='lat'>37</span> 
     </span>
    </p>
   </div>
   <div class='ocr_carea' id='block_1_2' title="bbox 103 366 1594 927">
    <p class='ocr_par' dir='ltr' id='par_1_2' title="bbox 103 366 1594 927">
     <span class='ocr_line' id='line_1_2' title="bbox 105 366 1593 434; baseline -0.005 -15"><span class='ocrx_word' id='word_1_4' title='bbox 105 371 440 434; x_wconf 82' lang='lat' dir='ltr'>supellectilem</span> <span class='ocrx_word' id='word_1_5' title='bbox 467 368 756 416; x_wconf 78' lang='lat' dir='ltr'>exhibentia.</span> <span class='ocrx_word' id='word_1_6' title='bbox 787 367 880 414; x_wconf 88' lang='lat' dir='ltr'>Has</span> <span class='ocrx_word' id='word_1_7' title='bbox 905 374 1062 414; x_wconf 88' lang='lat' dir='ltr'>autem</span> <span class='ocrx_word' id='word_1_8' title='bbox 1089 368 1248 414; x_wconf 86' lang='lat' dir='ltr'>ruinas</span> <span class='ocrx_word' id='word_1_9' title='bbox 1274 367 1391 414; x_wconf 87' lang='lat' dir='ltr'>Ross</span> <span class='ocrx_word' id='word_1_10' title='bbox 1419 366 1485 412; x_wconf 89' lang='lat' dir='ltr'>ait</span> <span class='ocrx_word' id='word_1_11' title='bbox 1511 372 1593 411; x_wconf 89' lang='lat' dir='ltr'>aut</span> 
     </span>
     <span class='ocr_line' id='line_1_3' title="bbox 104 448 1594 516; baseline -0.005 -15"><span class='ocrx_word' id='word_1_12' title='bbox 104 453 327 516; x_wconf 79' lang='lat' dir='ltr'>Gyrtones</span> <span class='ocrx_word' id='word_1_13' title='bbox 353 459 433 500; x_wconf 88' lang='lat' dir='ltr'>aut</span> <span class='ocrx_word' id='word_1_14' title='bbox 456 451 672 499; x_wconf 88' lang='lat' dir='ltr'>Corseam</span> <span class='ocrx_word' id='word_1_15' title='bbox 706 450 916 497; x_wconf 90' lang='lat' dir='ltr'>indicare</span> <span class='ocrx_word' id='word_1_16' title='bbox 953 449 1044 514; x_wconf 73' lang='lat' dir='ltr'>(i).</span> <span class='ocrx_word' id='word_1_17' title='bbox 1084 451 1320 510; x_wconf 81' lang='lat' dir='ltr'>Koutorga</span> <span class='ocrx_word' id='word_1_18' title='bbox 1345 463 1459 495; x_wconf 90' lang='lat' dir='ltr'>vero</span> <span class='ocrx_word' id='word_1_19' title='bbox 1486 448 1594 510; x_wconf 86' lang='lat' dir='ltr'>Cyr-</span> 
     </span>
     <span class='ocr_line' id='line_1_4' title="bbox 105 531 1592 598; baseline -0.005 -14"><span class='ocrx_word' id='word_1_20' title='bbox 105 542 238 584; x_wconf 87' lang='lat' dir='ltr'>tones</span> <span class='ocrx_word' id='word_1_21' title='bbox 264 536 418 598; x_wconf 91' lang='lat' dir='ltr'>potius</span> <span class='ocrx_word' id='word_1_22' title='bbox 453 533 642 594; x_wconf 88' lang='lat' dir='ltr'>conjicit</span> <span class='ocrx_word' id='word_1_23' title='bbox 676 531 778 596; x_wconf 73' lang='lat'>(2),</span> <span class='ocrx_word' id='word_1_24' title='bbox 812 548 897 580; x_wconf 88' lang='lat' dir='ltr'>nec</span> <span class='ocrx_word' id='word_1_25' title='bbox 929 534 1164 595; x_wconf 84' lang='lat' dir='ltr'>absurde,</span> <span class='ocrx_word' id='word_1_26' title='bbox 1201 533 1423 594; x_wconf 88' lang='lat' dir='ltr'>quoniam</span> <span class='ocrx_word' id='word_1_27' title='bbox 1463 538 1592 578; x_wconf 89' lang='lat' dir='ltr'>certe</span> 
     </span>
     <span class='ocr_line' id='line_1_5' title="bbox 107 613 1589 680; baseline -0.005 -15"><span class='ocrx_word' id='word_1_28' title='bbox 107 633 231 666; x_wconf 87' lang='lat' dir='ltr'>nunc</span> <span class='ocrx_word' id='word_1_29' title='bbox 249 618 422 666; x_wconf 86' lang='lat' dir='ltr'>scimus</span> <span class='ocrx_word' id='word_1_30' title='bbox 439 631 534 680; x_wconf 92' lang='lat' dir='ltr'>quo</span> <span class='ocrx_word' id='word_1_31' title='bbox 551 617 654 664; x_wconf 89' lang='lat' dir='ltr'>loco</span> <span class='ocrx_word' id='word_1_32' title='bbox 670 616 783 664; x_wconf 88' lang='lat' dir='ltr'>urbs</span> <span class='ocrx_word' id='word_1_33' title='bbox 804 616 1072 664; x_wconf 80' lang='lat' dir='ltr'>Boeotorum</span> <span class='ocrx_word' id='word_1_34' title='bbox 1088 616 1285 678; x_wconf 82' lang='lat' dir='ltr'>Hyettos</span> <span class='ocrx_word' id='word_1_35' title='bbox 1305 614 1488 661; x_wconf 88' lang='lat' dir='ltr'>steterit</span> <span class='ocrx_word' id='word_1_36' title='bbox 1507 613 1589 675; x_wconf 89' lang='lat'>(3),</span> 
     </span>
     <span class='ocr_line' id='line_1_6' title="bbox 105 685 1592 764; baseline -0.004 -16"><span class='ocrx_word' id='word_1_37' title='bbox 105 715 244 764; x_wconf 87' lang='lat' dir='ltr'>quam</span> <span class='ocrx_word' id='word_1_38' title='bbox 269 685 401 748; x_wconf 41' lang='lat' dir='ltr'>inter*</span> <span class='ocrx_word' id='word_1_39' title='bbox 415 707 462 748; x_wconf 89' lang='lat' dir='ltr'>et</span> <span class='ocrx_word' id='word_1_40' title='bbox 495 700 748 763; x_wconf 58' lang='lat' dir='ltr'>Gyrtoneff,</span> <span class='ocrx_word' id='word_1_41' title='bbox 784 706 836 746; x_wconf 90' lang='lat' dir='ltr'>ut</span> <span class='ocrx_word' id='word_1_42' title='bbox 865 699 1081 762; x_wconf 82' lang='lat' dir='ltr'>perhibet</span> <span class='ocrx_word' id='word_1_43' title='bbox 1112 698 1392 755; x_wconf 85' lang='lat' dir='ltr'>Pausanias,</span> <span class='ocrx_word' id='word_1_44' title='bbox 1423 696 1592 757; x_wconf 78' lang='lat' dir='ltr'>viginti</span> 
     </span>
     <span class='ocr_line' id='line_1_7' title="bbox 103 779 1592 846; baseline -0.002 -16"><span class='ocrx_word' id='word_1_45' title='bbox 103 783 288 831; x_wconf 81' lang='lat' dir='ltr'>circiter</span> <span class='ocrx_word' id='word_1_46' title='bbox 309 784 461 832; x_wconf 87' lang='lat' dir='ltr'>stadia</span> <span class='ocrx_word' id='word_1_47' title='bbox 487 783 745 830; x_wconf 83' lang='lat' dir='ltr'>intererant</span> <span class='ocrx_word' id='word_1_48' title='bbox 770 781 871 846; x_wconf 73' lang='lat'>(4);</span> <span class='ocrx_word' id='word_1_49' title='bbox 903 788 951 830; x_wconf 87' lang='lat' dir='ltr'>et</span> <span class='ocrx_word' id='word_1_50' title='bbox 976 782 1142 830; x_wconf 89' lang='lat' dir='ltr'>eodem</span> <span class='ocrx_word' id='word_1_51' title='bbox 1170 782 1316 828; x_wconf 83' lang='lat' dir='ltr'>ferme</span> <span class='ocrx_word' id='word_1_52' title='bbox 1342 779 1592 827; x_wconf 75' lang='lat' dir='ltr'>intervalio</span> 
     </span>
     <span class='ocr_line' id='line_1_8' title="bbox 104 863 1591 927; baseline -0.004 -13"><span class='ocrx_word' id='word_1_53' title='bbox 104 867 291 914; x_wconf 84' lang='lat' dir='ltr'>Martini</span> <span class='ocrx_word' id='word_1_54' title='bbox 331 881 357 913; x_wconf 92' lang='lat' dir='ltr'>a</span> <span class='ocrx_word' id='word_1_55' title='bbox 400 867 581 913; x_wconf 77' lang='lat' dir='ltr'>metochi</span> <span class='ocrx_word' id='word_1_56' title='bbox 617 866 794 912; x_wconf 82' lang='lat' dir='ltr'>Dendra</span> <span class='ocrx_word' id='word_1_57' title='bbox 829 871 1100 927; x_wconf 89' lang='lat' dir='ltr'>separatur,</span> <span class='ocrx_word' id='word_1_58' title='bbox 1149 864 1208 911; x_wconf 90' lang='lat' dir='ltr'>ad</span> <span class='ocrx_word' id='word_1_59' title='bbox 1249 864 1375 925; x_wconf 87' lang='lat' dir='ltr'>quod</span> <span class='ocrx_word' id='word_1_60' title='bbox 1417 863 1591 910; x_wconf 85' lang='lat' dir='ltr'>veteris</span> 
     </span>
    </p>
   </div>
   <div class='ocr_carea' id='block_1_3' title="bbox 8 946 1591 1019">
    <p class='ocr_par' dir='ltr' id='par_1_3' title="bbox 8 946 1591 1019">
     <span class='ocr_line' id='line_1_9' title="bbox 8 946 1591 1019; baseline -0.003 -23"><span class='ocrx_word' id='word_1_61' title='bbox 8 1004 9 1019; x_wconf 14' lang='grc' dir='ltr'><strong>χ</strong></span> <span class='ocrx_word' id='word_1_62' title='bbox 73 1003 75 1006; x_wconf 90' lang='lat'>.</span> <span class='ocrx_word' id='word_1_63' title='bbox 104 949 259 1012; x_wconf 81' lang='lat' dir='ltr'>Hyetti</span> <span class='ocrx_word' id='word_1_64' title='bbox 281 955 507 1012; x_wconf 84' lang='lat' dir='ltr'>apparent</span> <span class='ocrx_word' id='word_1_65' title='bbox 533 949 721 997; x_wconf 89' lang='lat' dir='ltr'>rudera.</span> <span class='ocrx_word' id='word_1_66' title='bbox 748 948 862 995; x_wconf 91' lang='lat' dir='ltr'>Tum</span> <span class='ocrx_word' id='word_1_67' title='bbox 887 948 1095 995; x_wconf 87' lang='lat' dir='ltr'>tumulus</span> <span class='ocrx_word' id='word_1_68' title='bbox 1123 949 1170 994; x_wconf 91' lang='lat' dir='ltr'>in</span> <span class='ocrx_word' id='word_1_69' title='bbox 1196 962 1291 1008; x_wconf 92' lang='lat' dir='ltr'>quo</span> <span class='ocrx_word' id='word_1_70' title='bbox 1316 947 1466 993; x_wconf 82' lang='lat' dir='ltr'>ruinae</span> <span class='ocrx_word' id='word_1_71' title='bbox 1487 946 1591 993; x_wconf 83' lang='lat' dir='ltr'>sitae</span> 
     </span>
    </p>
   </div>
   <div class='ocr_carea' id='block_1_4' title="bbox 101 1027 1591 1674">
    <p class='ocr_par' dir='ltr' id='par_1_4' title="bbox 101 1027 1591 1509">
     <span class='ocr_line' id='line_1_10' title="bbox 103 1027 1589 1094; baseline -0.003 -14"><span class='ocrx_word' id='word_1_72' title='bbox 103 1027 213 1080; x_wconf 79' lang='lat' dir='ltr'>sunt</span> <span class='ocrx_word' id='word_1_73' title='bbox 243 1047 350 1080; x_wconf 90' lang='lat' dir='ltr'>cum</span> <span class='ocrx_word' id='word_1_74' title='bbox 386 1032 630 1080; x_wconf 81' lang='lat' dir='ltr'>Pausaniae</span> <span class='ocrx_word' id='word_1_75' title='bbox 658 1031 976 1094; x_wconf 88' lang='lat' dir='ltr'>descriptione</span> <span class='ocrx_word' id='word_1_76' title='bbox 1011 1031 1124 1078; x_wconf 89' lang='lat' dir='ltr'>satis</span> <span class='ocrx_word' id='word_1_77' title='bbox 1163 1030 1415 1087; x_wconf 85' lang='lat' dir='ltr'>convenit,</span> <span class='ocrx_word' id='word_1_78' title='bbox 1462 1030 1589 1092; x_wconf 88' lang='lat' dir='ltr'>apud</span> 
     </span>
     <span class='ocr_line' id='line_1_11' title="bbox 103 1114 1591 1178; baseline -0.004 -16"><span class='ocrx_word' id='word_1_79' title='bbox 103 1129 242 1178; x_wconf 88' lang='lat' dir='ltr'>quem</span> <span class='ocrx_word' id='word_1_80' title='bbox 270 1115 469 1177; x_wconf 81' lang='lat' dir='ltr'>legimus</span> <span class='ocrx_word' id='word_1_81' title='bbox 498 1114 723 1178; x_wconf 87' lang='lat' dir='ltr'>Cyrtones</span> <span class='ocrx_word' id='word_1_82' title='bbox 750 1115 798 1161; x_wconf 91' lang='lat' dir='ltr'>in</span> <span class='ocrx_word' id='word_1_83' title='bbox 832 1115 926 1162; x_wconf 86' lang='lat' dir='ltr'>alto</span> <span class='ocrx_word' id='word_1_84' title='bbox 961 1114 1166 1176; x_wconf 88' lang='lat' dir='ltr'>quodam</span> <span class='ocrx_word' id='word_1_85' title='bbox 1197 1114 1343 1170; x_wconf 87' lang='lat' dir='ltr'>colle,</span> <span class='ocrx_word' id='word_1_86' title='bbox 1375 1115 1441 1158; x_wconf 78' lang='grc' dir='ltr'>ἐπὶ</span> <span class='ocrx_word' id='word_1_87' title='bbox 1481 1114 1591 1175; x_wconf 84' lang='grc' dir='ltr'>ὅρους</span> 
     </span>
     <span class='ocr_line' id='line_1_12' title="bbox 103 1197 1590 1262; baseline -0.001 -19"><span class='ocrx_word' id='word_1_88' title='bbox 103 1197 284 1260; x_wconf 80' lang='grc' dir='ltr'>ὑψηλοῦ,</span> <span class='ocrx_word' id='word_1_89' title='bbox 319 1198 534 1245; x_wconf 87' lang='lat' dir='ltr'>extitisse</span> <span class='ocrx_word' id='word_1_90' title='bbox 565 1197 657 1262; x_wconf 81' lang='lat'>(5).</span> <span class='ocrx_word' id='word_1_91' title='bbox 697 1198 904 1245; x_wconf 89' lang='lat' dir='ltr'>Priscum</span> <span class='ocrx_word' id='word_1_92' title='bbox 942 1212 1057 1245; x_wconf 91' lang='lat' dir='ltr'>vero</span> <span class='ocrx_word' id='word_1_93' title='bbox 1086 1197 1246 1260; x_wconf 89' lang='lat' dir='ltr'>oppidi</span> <span class='ocrx_word' id='word_1_94' title='bbox 1278 1211 1448 1244; x_wconf 90' lang='lat' dir='ltr'>nomen</span> <span class='ocrx_word' id='word_1_95' title='bbox 1489 1202 1590 1243; x_wconf 91' lang='lat' dir='ltr'>erat</span> 
     </span>
     <span class='ocr_line' id='line_1_13' title="bbox 101 1279 1590 1344; baseline -0.001 -17"><span class='ocrx_word' id='word_1_96' title='bbox 101 1279 302 1344; x_wconf 84' lang='lat' dir='ltr'>Gyrtone</span> <span class='ocrx_word' id='word_1_97' title='bbox 327 1281 419 1344; x_wconf 88' lang='lat'>(6).</span> <span class='ocrx_word' id='word_1_98' title='bbox 450 1281 598 1336; x_wconf 88' lang='lat' dir='ltr'>Quam</span> <span class='ocrx_word' id='word_1_99' title='bbox 627 1281 749 1328; x_wconf 88' lang='lat' dir='ltr'>inter</span> <span class='ocrx_word' id='word_1_100' title='bbox 774 1281 1001 1328; x_wconf 88' lang='lat' dir='ltr'>boeoticas</span> <span class='ocrx_word' id='word_1_101' title='bbox 1036 1281 1176 1327; x_wconf 89' lang='lat' dir='ltr'>urbes</span> <span class='ocrx_word' id='word_1_102' title='bbox 1209 1280 1462 1327; x_wconf 85' lang='lat' dir='ltr'>Pausanias</span> <span class='ocrx_word' id='word_1_103' title='bbox 1492 1293 1590 1325; x_wconf 91' lang='lat' dir='ltr'>me·</span> 
     </span>
     <span class='ocr_line' id='line_1_14' title="bbox 104 1353 1590 1434; baseline -0.001 -24"><span class='ocrx_word' id='word_1_104' title='bbox 104 1371 277 1421; x_wconf 89' lang='lat' dir='ltr'>morat,</span> <span class='ocrx_word' id='word_1_105' title='bbox 303 1363 412 1425; x_wconf 91' lang='lat' dir='ltr'>quia</span> <span class='ocrx_word' id='word_1_106' title='bbox 430 1402 441 1421; x_wconf 94' lang='lat'>,</span> <span class='ocrx_word' id='word_1_107' title='bbox 470 1353 574 1410; x_wconf 82' lang='lat' dir='ltr'>sine</span> <span class='ocrx_word' id='word_1_108' title='bbox 598 1363 762 1434; x_wconf 79' lang='lat' dir='ltr'>dubio,</span> <span class='ocrx_word' id='word_1_109' title='bbox 787 1363 927 1411; x_wconf 90' lang='lat' dir='ltr'>modo</span> <span class='ocrx_word' id='word_1_110' title='bbox 947 1363 1233 1419; x_wconf 88' lang='lat' dir='ltr'>Boeotorum,</span> <span class='ocrx_word' id='word_1_111' title='bbox 1259 1363 1398 1410; x_wconf 92' lang='lat' dir='ltr'>modo</span> <span class='ocrx_word' id='word_1_112' title='bbox 1421 1363 1590 1409; x_wconf 88' lang='lat' dir='ltr'>Locro-</span> 
     </span>
     <span class='ocr_line' id='line_1_15' title="bbox 102 1446 802 1509; baseline 0.001 -17"><span class='ocrx_word' id='word_1_113' title='bbox 102 1461 235 1504; x_wconf 86' lang='lat' dir='ltr'>rum,</span> <span class='ocrx_word' id='word_1_114' title='bbox 265 1446 386 1493; x_wconf 89' lang='lat' dir='ltr'>siout</span> <span class='ocrx_word' id='word_1_115' title='bbox 412 1447 667 1509; x_wconf 85' lang='lat' dir='ltr'>Larymna,</span> <span class='ocrx_word' id='word_1_116' title='bbox 699 1447 802 1493; x_wconf 81' lang='lat' dir='ltr'>fuit.</span> 
     </span>
    </p>

    <p class='ocr_par' dir='ltr' id='par_1_5' title="bbox 166 1528 1307 1589">
     <span class='ocr_line' id='line_1_16' title="bbox 166 1528 1307 1589; baseline 0 -14"><span class='ocrx_word' id='word_1_117' title='bbox 166 1529 260 1577; x_wconf 87' lang='lat' dir='ltr'>Hos</span> <span class='ocrx_word' id='word_1_118' title='bbox 285 1535 442 1576; x_wconf 86' lang='lat' dir='ltr'>autem</span> <span class='ocrx_word' id='word_1_119' title='bbox 471 1529 630 1576; x_wconf 91' lang='lat' dir='ltr'>titulos</span> <span class='ocrx_word' id='word_1_120' title='bbox 654 1529 776 1576; x_wconf 84' lang='lat' dir='ltr'>circa</span> <span class='ocrx_word' id='word_1_121' title='bbox 803 1530 990 1576; x_wconf 84' lang='lat' dir='ltr'>Martini</span> <span class='ocrx_word' id='word_1_122' title='bbox 1013 1528 1307 1589; x_wconf 78' lang='lat' dir='ltr'>collegimus.</span> 
     </span>
    </p>

    <p class='ocr_par' dir='ltr' id='par_1_6' title="bbox 166 1611 1589 1674">
     <span class='ocr_line' id='line_1_17' title="bbox 166 1611 1589 1674; baseline 0 -17"><span class='ocrx_word' id='word_1_123' title='bbox 166 1611 215 1658; x_wconf 88' lang='lat' dir='ltr'>ln</span> <span class='ocrx_word' id='word_1_124' title='bbox 241 1612 413 1660; x_wconf 85' lang='lat' dir='ltr'>sacello</span> <span class='ocrx_word' id='word_1_125' title='bbox 441 1614 591 1659; x_wconf 81' lang='lat' dir='ltr'>Sancti</span> <span class='ocrx_word' id='word_1_126' title='bbox 616 1613 790 1674; x_wconf 71' lang='lat' dir='ltr'>Georyii</span> <span class='ocrx_word' id='word_1_127' title='bbox 807 1648 820 1671; x_wconf 88' lang='lat'>,</span> <span class='ocrx_word' id='word_1_128' title='bbox 850 1625 1111 1659; x_wconf 88' lang='lat' dir='ltr'>marmorea</span> <span class='ocrx_word' id='word_1_129' title='bbox 1146 1611 1271 1658; x_wconf 91' lang='lat' dir='ltr'>basis</span> <span class='ocrx_word' id='word_1_130' title='bbox 1299 1612 1344 1657; x_wconf 92' lang='lat' dir='ltr'>in</span> <span class='ocrx_word' id='word_1_131' title='bbox 1369 1625 1460 1672; x_wconf 92' lang='lat' dir='ltr'>qua</span> <span class='ocrx_word' id='word_1_132' title='bbox 1488 1611 1589 1658; x_wconf 88' lang='lat' dir='ltr'>haec</span> 
     </span>
    </p>
   </div>
   <div class='ocr_carea' id='block_1_5' title="bbox 12 1693 495 1763">
    <p class='ocr_par' dir='ltr' id='par_1_7' title="bbox 12 1693 495 1763">
     <span class='ocr_line' id='line_1_18' title="bbox 12 1693 495 1763; baseline 0 -22"><span class='ocrx_word' id='word_1_133' title='bbox 12 1699 15 1763; x_wconf 56' lang='lat' dir='ltr'>J</span> <span class='ocrx_word' id='word_1_134' title='bbox 101 1693 323 1757; x_wconf 87' lang='lat' dir='ltr'>inscripta</span> <span class='ocrx_word' id='word_1_135' title='bbox 348 1701 458 1742; x_wconf 85' lang='lat' dir='ltr'>sunt</span> <span class='ocrx_word' id='word_1_136' title='bbox 485 1712 495 1741; x_wconf 73' lang='grc' dir='ltr'><strong><em>ε</em></strong></span> 
     </span>
    </p>
   </div>
   <div class='ocr_carea' id='block_1_6' title="bbox 0 0 64 3198">
    <p class='ocr_par' dir='ltr' id='par_1_8' title="bbox 0 0 64 3198">
     <span class='ocr_line' id='line_1_19' title="bbox 0 0 64 3198; baseline 0 0"><span class='ocrx_word' id='word_1_137' title='bbox 0 0 64 3198; x_wconf 95' lang='lat' dir='ltr'> </span> 
     </span>
    </p>
   </div>
   <div class='ocr_carea' id='block_1_7' title="bbox 457 1864 1227 2065">
    <p class='ocr_par' dir='ltr' id='par_1_9' title="bbox 457 1864 1227 2065">
     <span class='ocr_line' id='line_1_20' title="bbox 575 1864 1100 1908; baseline -0.002 0"><span class='ocrx_word' id='word_1_138' title='bbox 575 1864 1100 1908; x_wconf 81' lang='grc' dir='ltr'>ΟΙΦΙΛΟΓΥΜΝΑΣΤΑΙ</span> 
     </span>
     <span class='ocr_line' id='line_1_21' title="bbox 502 1936 1188 1980; baseline 0.003 -2"><span class='ocrx_word' id='word_1_139' title='bbox 502 1936 1188 1980; x_wconf 84' lang='grc' dir='ltr'>ΕΦΑΡΜΑΣΤΟΝΑΡΙΣΩΝΟΣ</span> 
     </span>
     <span class='ocr_line' id='line_1_22' title="bbox 457 2007 1227 2065; baseline 0 -15"><span class='ocrx_word' id='word_1_140' title='bbox 457 2007 1227 2065; x_wconf 82' lang='grc' dir='ltr'>ΑΡΕΤΗΣΕΝΕΚΕΝΚΑΙΕΥΝΟΙΑΣ</span> 
     </span>
    </p>
   </div>
   <div class='ocr_carea' id='block_1_8' title="bbox 571 2128 1104 2323">
    <p class='ocr_par' dir='ltr' id='par_1_10' title="bbox 571 2128 1104 2323">
     <span class='ocr_line' id='line_1_23' title="bbox 654 2128 999 2182; baseline 0.003 -16"><span class='ocrx_word' id='word_1_141' title='bbox 654 2130 700 2167; x_wconf 77' lang='lat' dir='ltr'>Ot</span> <span class='ocrx_word' id='word_1_142' title='bbox 724 2128 999 2182; x_wconf 77' lang='grc' dir='ltr'>φιλογυμνασταὶ</span> 
     </span>
     <span class='ocr_line' id='line_1_24' title="bbox 581 2197 1104 2253; baseline 0 -15"><span class='ocrx_word' id='word_1_143' title='bbox 581 2197 829 2252; x_wconf 82' lang='grc' dir='ltr'>Ἔφάρμαστον</span> <span class='ocrx_word' id='word_1_144' title='bbox 859 2197 1104 2253; x_wconf 84' lang='grc' dir='ltr'>Ἀρίσ(τ)ωνος</span> 
     </span>
     <span class='ocr_line' id='line_1_25' title="bbox 571 2269 1081 2323; baseline 0.006 -15"><span class='ocrx_word' id='word_1_145' title='bbox 571 2272 695 2323; x_wconf 69' lang='grc' dir='ltr'>ἀρετῆς</span> <span class='ocrx_word' id='word_1_146' title='bbox 719 2269 832 2309; x_wconf 80' lang='grc' dir='ltr'>ἕνεκεν</span> <span class='ocrx_word' id='word_1_147' title='bbox 851 2270 912 2309; x_wconf 80' lang='grc' dir='ltr'>καὶ</span> <span class='ocrx_word' id='word_1_148' title='bbox 934 2270 1081 2315; x_wconf 80' lang='grc' dir='ltr'>εὐνοίας.</span> 
     </span>
    </p>
   </div>
   <div class='ocr_carea' id='block_1_9' title="bbox 138 2426 925 2530">
    <p class='ocr_par' dir='ltr' id='par_1_11' title="bbox 138 2426 925 2530">
     <span class='ocr_line' id='line_1_26' title="bbox 139 2426 630 2471; baseline 0 -10"><span class='ocrx_word' id='word_1_149' title='bbox 139 2426 183 2470; x_wconf 86' lang='lat'>(1)</span> <span class='ocrx_word' id='word_1_150' title='bbox 209 2427 271 2470; x_wconf 80' lang='lat' dir='ltr'>op.</span> <span class='ocrx_word' id='word_1_151' title='bbox 291 2429 365 2469; x_wconf 59' lang='lat' dir='ltr'>cit„</span> <span class='ocrx_word' id='word_1_152' title='bbox 386 2428 414 2466; x_wconf 95' lang='lat'>1,</span> <span class='ocrx_word' id='word_1_153' title='bbox 434 2438 470 2471; x_wconf 89' lang='lat' dir='ltr'>p.</span> <span class='ocrx_word' id='word_1_154' title='bbox 493 2427 534 2461; x_wconf 87' lang='grc'>98</span> <span class='ocrx_word' id='word_1_155' title='bbox 554 2437 630 2471; x_wconf 83' lang='lat' dir='ltr'>sqq.</span> 
     </span>
     <span class='ocr_line' id='line_1_27' title="bbox 138 2485 925 2530; baseline 0 -10"><span class='ocrx_word' id='word_1_156' title='bbox 138 2485 183 2529; x_wconf 75' lang='lat'>(2)</span> <span class='ocrx_word' id='word_1_157' title='bbox 200 2487 306 2520; x_wconf 79' lang='lat' dir='ltr'>Revue</span> <span class='ocrx_word' id='word_1_158' title='bbox 321 2487 588 2530; x_wconf 59' lang='lat' dir='ltr'>(tremulamque,</span> <span class='ocrx_word' id='word_1_159' title='bbox 612 2487 703 2527; x_wconf 85' lang='lat'>1860,</span> <span class='ocrx_word' id='word_1_160' title='bbox 724 2487 778 2526; x_wconf 91' lang='grc' dir='ltr'>ΙΙ,</span> <span class='ocrx_word' id='word_1_161' title='bbox 800 2498 833 2530; x_wconf 90' lang='lat' dir='ltr'>p.</span> <span class='ocrx_word' id='word_1_162' title='bbox 854 2487 925 2521; x_wconf 87' lang='grc'><strong>395.</strong></span> 
     </span>
    </p>
   </div>
   <div class='ocr_carea' id='block_1_10' title="bbox 79 2541 1585 2822">
    <p class='ocr_par' dir='ltr' id='par_1_12' title="bbox 79 2541 1585 2822">
     <span class='ocr_line' id='line_1_28' title="bbox 107 2541 1585 2590; baseline 0.001 -11"><span class='ocrx_word' id='word_1_163' title='bbox 107 2541 110 2546; x_wconf 71' lang='grc'><strong>’</strong></span> <span class='ocrx_word' id='word_1_164' title='bbox 138 2545 182 2588; x_wconf 89' lang='grc'>(3)</span> <span class='ocrx_word' id='word_1_165' title='bbox 200 2545 482 2584; x_wconf 80' lang='lat' dir='ltr'>Koumanoudis,</span> <span class='ocrx_word' id='word_1_166' title='bbox 507 2547 744 2588; x_wconf 77' lang='grc' dir='ltr'><strong>Ἀθήναιον,</strong></span> <span class='ocrx_word' id='word_1_167' title='bbox 768 2547 807 2587; x_wconf 88' lang='grc' dir='ltr'>Ι,</span> <span class='ocrx_word' id='word_1_168' title='bbox 832 2558 867 2590; x_wconf 87' lang='lat' dir='ltr'>p.</span> <span class='ocrx_word' id='word_1_169' title='bbox 895 2547 1059 2587; x_wconf 86' lang='grc' dir='ltr'>490-5ΟΟ;</span> <span class='ocrx_word' id='word_1_170' title='bbox 1080 2546 1143 2588; x_wconf 86' lang='lat' dir='ltr'>IV,</span> <span class='ocrx_word' id='word_1_171' title='bbox 1161 2558 1193 2590; x_wconf 89' lang='lat' dir='ltr'>p.</span> <span class='ocrx_word' id='word_1_172' title='bbox 1223 2547 1300 2588; x_wconf 89' lang='lat'>101,</span> <span class='ocrx_word' id='word_1_173' title='bbox 1320 2557 1356 2580; x_wconf 89' lang='lat' dir='ltr'>n.</span> <span class='ocrx_word' id='word_1_174' title='bbox 1378 2548 1405 2581; x_wconf 90' lang='lat'>1.</span> <span class='ocrx_word' id='word_1_175' title='bbox 1423 2545 1477 2581; x_wconf 74' lang='lat' dir='ltr'>Cf.</span> <span class='ocrx_word' id='word_1_176' title='bbox 1498 2547 1585 2581; x_wconf 81' lang='lat' dir='ltr'>Bul-</span> 
     </span>
     <span class='ocr_line' id='line_1_29' title="bbox 79 2597 1044 2649; baseline 0.001 -12"><span class='ocrx_word' id='word_1_177' title='bbox 79 2597 81 2601; x_wconf 73' lang='grc'><strong>’</strong></span> <span class='ocrx_word' id='word_1_178' title='bbox 96 2602 178 2638; x_wconf 68' lang='lat' dir='ltr'>latin</span> <span class='ocrx_word' id='word_1_179' title='bbox 196 2604 236 2637; x_wconf 81' lang='lat' dir='ltr'>de</span> <span class='ocrx_word' id='word_1_180' title='bbox 255 2605 541 2647; x_wconf 77' lang='lat' dir='ltr'>correspondance</span> <span class='ocrx_word' id='word_1_181' title='bbox 557 2606 755 2649; x_wconf 65' lang='lat' dir='ltr'>hellenique,</span> <span class='ocrx_word' id='word_1_182' title='bbox 774 2606 822 2649; x_wconf 90' lang='lat'>11,</span> <span class='ocrx_word' id='word_1_183' title='bbox 839 2617 874 2649; x_wconf 89' lang='lat' dir='ltr'>p.</span> <span class='ocrx_word' id='word_1_184' title='bbox 894 2606 954 2639; x_wconf 71' lang='lat'>492</span> <span class='ocrx_word' id='word_1_185' title='bbox 971 2615 1044 2648; x_wconf 90' lang='lat' dir='ltr'>sqq.</span> 
     </span>
     <span class='ocr_line' id='line_1_30' title="bbox 139 2662 576 2706; baseline 0.002 -10"><span class='ocrx_word' id='word_1_186' title='bbox 139 2662 182 2705; x_wconf 79' lang='lat'>(4)</span> <span class='ocrx_word' id='word_1_187' title='bbox 202 2662 368 2705; x_wconf 71' lang='lat' dir='ltr'>Pansam..</span> <span class='ocrx_word' id='word_1_188' title='bbox 388 2664 454 2706; x_wconf 88' lang='lat' dir='ltr'>IX,</span> <span class='ocrx_word' id='word_1_189' title='bbox 473 2665 526 2705; x_wconf 81' lang='lat'>24,</span> <span class='ocrx_word' id='word_1_190' title='bbox 546 2665 576 2697; x_wconf 71' lang='lat'>⁴.</span> 
     </span>
     <span class='ocr_line' id='line_1_31' title="bbox 139 2721 370 2764; baseline 0 -10"><span class='ocrx_word' id='word_1_191' title='bbox 139 2721 183 2764; x_wconf 87' lang='lat'>(5)</span> <span class='ocrx_word' id='word_1_192' title='bbox 201 2721 267 2763; x_wconf 65' lang='lat' dir='ltr'>Id„</span> <span class='ocrx_word' id='word_1_193' title='bbox 285 2722 370 2756; x_wconf 84' lang='lat' dir='ltr'>ibid.</span> 
     </span>
     <span class='ocr_line' id='line_1_32' title="bbox 137 2778 366 2822; baseline 0.004 -10"><span class='ocrx_word' id='word_1_194' title='bbox 137 2778 183 2822; x_wconf 81' lang='grc'>(6)</span> <span class='ocrx_word' id='word_1_195' title='bbox 199 2778 263 2821; x_wconf 70' lang='lat' dir='ltr'>Id„</span> <span class='ocrx_word' id='word_1_196' title='bbox 281 2781 366 2814; x_wconf 84' lang='lat' dir='ltr'>ibid.</span> 
     </span>
    </p>
   </div>
  </div>
 </body>
</html>
