1916 3198
626 208 679 237 nn
706 207 840 237 nunus
868 207 1158 238 OPUNTIORUM.
1619 201 1642 237 7

152 288 407 350 prudenter
432 301 576 335 unum
604 301 667 334 ex
692 286 960 346 sodalibus,
988 286 1321 351 Clysonymum
1340 327 1350 344 ,
1382 290 1643 352 Amphida-

152 372 321 418 mantis
347 371 522 429 fllium,
552 370 831 428 occidisset,
872 371 932 417 ad
962 371 1099 418 Pelea
1136 373 1347 434 confugit
1379 372 1471 436 (l).
1514 374 1578 420 Ibi
1616 389 1641 421 a

149 453 349 501 Chirone
387 454 659 511 institutus,
703 452 874 500 Achilli
907 454 1059 502 amico
1093 462 1140 502 et
1172 456 1494 504 commilitone
1529 472 1642 504 usus

149 543 247 595 est3
276 536 386 598 qui,
415 551 519 583 cum
555 537 602 583 in
630 550 687 584 eo
713 543 838 584 esset
874 545 923 583 ut
948 537 1131 598 Trojam
1168 545 1377 600 peteret,
1408 539 1640 602 Opuntem

149 618 280 666 venit
321 634 374 666 ac
415 619 639 667 Menoetio
685 619 921 681 pollicitus
959 627 1031 667 est
1072 635 1123 667 se
1166 619 1311 667 filium
1355 622 1639 670 incolumem

149 715 252 748 esse
279 702 584 749 reducturum
611 701 703 766 (2).

213 784 321 831 Erat
346 792 393 832 et
413 786 531 833 alter
556 786 729 833 Locrus
760 786 882 833 inter
909 787 1053 834 duces
1080 788 1141 834 ad
1170 788 1354 849 TroJam
1380 804 1638 850 congrega-

148 875 238 925 toS,
262 867 383 928 Ajax
406 884 592 931 nempe,
616 869 735 916 Oilei
761 868 903 916 filine.
932 870 1016 917 Hic
1041 872 1236 932 patriam
1262 872 1466 919 habebat
1487 873 1634 935 Nary-

146 965 275 1017 cem,
302 951 611 1014 Opuntiorum
638 953 802 1000 urbem
824 952 927 1016 (3),
949 960 1031 1000 aut
1052 954 1307 1002 Thronium
1326 993 1337 1010 ‚
1368 956 1633 1018 Epicnemi-

147 1035 333 1083 diorum
366 1036 591 1098 oppidum
626 1035 718 1099 (4).
762 1037 896 1084 Matri
935 1053 1080 1096 vero,
1118 1046 1167 1085 ut
1203 1040 1395 1101 quidam
1435 1042 1635 1098 volunt,

146 1118 314 1185 Eriope
334 1156 347 1178 ,
391 1120 652 1167 secundum
703 1121 822 1168 alios
871 1121 1136 1169 Alcimache
1183 1138 1354 1170 nomen
1401 1133 1501 1170 erat
1542 1123 1634 1188 (5).

146 1201 349 1250 Praeerat
389 1210 570 1262 autem,
608 1219 712 1251 cum
751 1205 951 1252 Medone
997 1206 1138 1253 fratre
1177 1205 1282 1268 (6),
1326 1208 1639 1269 quadraginta

147 1286 348 1333 navibus
373 1285 476 1349 (7),
506 1302 623 1349 quas
651 1290 990 1336 conscenderat
1020 1290 1138 1337 levis
1169 1298 1406 1337 armatura
1434 1290 1526 1353 (8).
1568 1292 1638 1339 Ex

147 1370 366 1416 omnibus
405 1370 674 1418 Graecorum
713 1371 914 1418 ducibus
940 1409 951 1430 ,
997 1374 1337 1420 atrocissimam
1386 1375 1638 1422 homericae

147 1452 433 1500 fortitudinis
461 1454 596 1501 nobis
621 1455 798 1516 praebet
822 1455 1075 1516 imaginem
1107 1476 1116 1502 ι
1149 1457 1482 1518 posthomerici
1511 1458 1635 1504 enim

147 1542 299 1597 poetae
335 1551 580 1597 procerum
612 1552 719 1584 eum
756 1537 969 1599 fingunt,
997 1540 1291 1597 strabonem,
1328 1555 1434 1586 cum
1469 1541 1637 1587 adusta

147 1618 262 1665 facie
289 1619 530 1681 nigrisque
556 1621 766 1667 crinibus
792 1620 883 1683 (9).
925 1622 1028 1677 Quo
1065 1624 1204 1670 modo
1232 1624 1328 1669 vim
1362 1624 1638 1671 Cassandrae

145 1702 382 1761 intulerit,
411 1717 550 1750 nemo
581 1704 755 1766 estqui
793 1706 985 1751 nesciat.
1025 1705 1161 1760 Quod
1194 1705 1397 1753 artifices
1435 1707 1636 1754 libenter

143 1793 478 1846 expresserunt
503 1803 511 1831 :
540 1787 670 1834 testis
697 1794 768 1834 est
788 1802 892 1834 arca
921 1788 1104 1851 Cypseli
1127 1788 1240 1850 (40),
1270 1790 1401 1836 testis
1424 1797 1470 1836 et
1497 1791 1635 1836 attica

143 1867 312 1915 Poecile
347 1875 394 1916 et
423 1869 598 1916 Lesche
633 1870 873 1932 delphica,
916 1871 961 1917 in
997 1886 1090 1933 qua
1126 1872 1413 1934 Polygnotus
1451 1874 1636 1920 miserae

98 2094 103 2098 ,
186 2056 230 2098 (1)
243 2056 298 2095 IL„
316 2056 457 2095 XXIII,
474 2057 533 2095 86;
555 2060 663 2091 schol.
687 2059 723 2091 in
741 2059 794 2099 ll„
818 2059 899 2099 X11,
921 2059 954 2096 1;
973 2059 1102 2101 Sti-ab„
1123 2061 1190 2101 lx,
1213 2061 1283 2098 425„
1303 2061 1480 2103 Apollod.,
1502 2062 1568 2101 ΙΙΙ,
1583 2062 1634 2103 13,

90 2125 94 2128 ⁴
142 2115 183 2156 83
202 2115 318 2156 Ovid„
341 2117 456 2155 Pom„
478 2117 504 2157 Ι,
529 2118 560 2156 3,
581 2118 632 2151 73.

182 2175 297 2217 (2)1t.‚
327 2175 469 2214 XVIII,
495 2178 568 2211 325.
596 2177 649 2212 Cf.
671 2178 845 2219 AEschin.,
870 2181 997 2213 Contra
1023 2181 1260 2221 Timarchum,
1285 2182 1363 2218 143;
1393 2181 1523 2219 Strab.,
1559 2182 1635 2223 IX,

142 2231 215 2267 425.

185 2293 228 2336 (3)
248 2294 350 2327 Diod.
369 2294 454 2333 Sic„
478 2295 576 2337 XIV,
597 2297 647 2336 82,
670 2297 706 2334 8;
731 2296 852 2340 Steph.
872 2298 973 2340 Byz.,
993 2309 1020 2332 s.
1040 2309 1075 2332 v.
1094 2300 1238 2343 Νάρυξ.

182 2353 227 2395 (4)
244 2353 380 2396 Eurip.‚
400 2356 512 2397 Iphiy.
533 2358 588 2394 A..
604 2355 662 2389 261
686 2367 760 2399 sqq.

185 2412 230 2455 (5)
247 2412 364 2447 Schol.
388 2416 426 2447 in
441 2415 498 2456 lt„
523 2415 604 2454 XV,
626 2416 698 2450 336.

181 2471 227 2514 (6)
249 2472 303 2514 ll„
327 2473 375 2513 11,
394 2474 469 2508 727.

184 2530 231 2574 (7)
246 2531 300 2572 ll„
318 2532 366 2574 ΙΙ,
382 2534 456 2567 534.

183 2590 228 2633 (8)
246 2591 302 2632 11..
321 2591 426 2633 XIII,
445 2593 506 2627 714
526 2605 602 2637 sqq.

185 2650 228 2692 (9)
249 2650 380 2689 Tzetz..
395 2653 579 2694 Posehom„
600 2654 673 2688 664.

183 2708 247 2752 (10)
269 2709 433 2753 Pausan„
453 2712 498 2753 V,
520 2713 568 2751 19,
590 2715 619 2747 5.
