1916 3198
586 241 638 270 ΒΕ
666 240 799 271 nunus
829 239 1116 270 opuwrronmu.
1559 228 1600 267 17

110 322 290 370 cladem
325 335 418 384 qua
454 319 899 383 peloponnesiacum
939 319 1114 366 bellum
1157 319 1459 366 terminatum
1495 326 1601 378 est,

111 405 238 452 haud
263 403 504 468 probabile
537 418 641 451 esse
667 417 818 451 novos
852 403 1046 450 colonos
1075 402 1366 464 Naupactum
1391 416 1418 448 a
1443 402 1602 450 Locris

111 489 278 536 missos
298 488 442 535 fuisse
461 523 474 546 ,
500 502 606 534 cum
634 487 974 535 Messeniorum
1008 487 1055 533 in
1084 501 1227 533 manu
1247 486 1431 547 subque
1454 485 1602 533 Athe-

111 571 343 619 niensium
363 571 545 618 ditione
563 571 831 633 Naupactus
855 577 951 616 tum
972 577 1124 630 esset;
1153 570 1280 617 unde
1303 570 1490 616 titulum
1520 577 1603 617 aut

110 661 220 703 ante
255 653 380 714 455,
422 661 504 702 aut
538 661 644 717 post
677 655 895 717 proelium
928 654 988 701 ad
1022 655 1161 715 AEgos
1198 653 1374 700 flumen
1407 654 1598 713 datum,

110 738 308 786 incisum
336 753 457 786 esse.
487 738 693 794 Quarum
718 739 993 801 opinionum
1013 738 1260 800 posterior
1286 753 1392 785 cum
1426 738 1603 785 littera-

3 808 5 814 ξ
62 835 66 837 ’
111 836 213 870 rum
241 823 389 870 forma
416 822 652 883 rebusque
680 828 784 884 post
805 836 981 869 annum
1010 819 1102 867 405
1127 822 1273 884 gestis
1297 836 1462 884 parum
1489 837 1602 870 con-

110 905 261 967 gruit3
291 919 436 968 quare
462 906 606 968 priori
626 906 843 953 assentiri
867 906 1023 967 potius
1051 905 1240 953 videtur
1267 904 1359 969 (1).

174 989 318 1037 Novis
343 996 499 1037 autem
527 989 706 1037 colonis
730 989 1210 1052 Hypocnemidiorum
1237 1004 1406 1036 nomen
1438 990 1602 1036 titulus

111 1072 325 1135 imponit.
355 1072 491 1128 Quod
526 1073 641 1134 quid
676 1071 995 1134 significaret,
1026 1073 1212 1134 quaesiit
1245 1074 1529 1120 lconomidis
1557 1080 1603 1120 et

110 1155 306 1203 Vischer
335 1163 439 1218 post
466 1171 571 1204 eum
593 1192 604 1214 ‚
632 1156 711 1218 qui
741 1163 921 1203 textum
951 1156 1076 1203 hunc
1104 1156 1287 1218 prolixe
1314 1164 1599 1204 commenta-

52 1240 53 1243 ’
113 1245 188 1286 tus
214 1246 285 1286 est
308 1238 398 1303 (2).
422 1239 483 1286 At
508 1239 807 1298 lconomidis,
833 1254 939 1286 cum
965 1241 1219 1287 contendat
1237 1241 1405 1287 Strabo
1433 1242 1602 1289 Locros

113 1322 172 1370 ad
200 1322 423 1385 Euripum
450 1324 565 1371 sitos
590 1324 708 1370 duas
734 1331 899 1384 gentes
921 1324 1137 1371 effecisse
1158 1324 1425 1382 distinctas,
1447 1325 1605 1387 Opun-

10 1405 13 1462 ζ
62 1398 66 1402 ’
114 1404 204 1452 tios
229 1389 574 1467 scilicet'atque
599 1406 947 1468 Epicnemidios
971 1405 1071 1468 (3),
1101 1408 1458 1467 Etymoloyicum
1491 1423 1606 1454 vero

112 1489 327 1550 Magnum
346 1489 537 1537 eosdem
556 1490 602 1536 in
623 1490 972 1552 Epicnemidios
994 1497 1040 1536 et
1065 1490 1463 1552 Hypocnemidios
1481 1491 1604 1537 divi-

113 1571 294 1620 dendos
314 1586 418 1620 esse
440 1579 630 1620 censeat
648 1571 722 1636 (4)
741 1609 752 1631 ,
778 1573 851 1619 his
877 1573 1063 1620 duobus
1089 1574 1370 1621 testimoniis
1403 1574 1525 1621 inter
1552 1590 1603 1622 se

112 1649 311 1715 collatis,
330 1656 568 1703 concludit
592 1657 986 1719 Hypocnemidios
1009 1657 1069 1703 ab
1092 1656 1309 1718 Opuntiis
1332 1672 1425 1705 non
1458 1659 1606 1705 fuisse

113 1737 358 1798 diversos;
389 1753 491 1798 nec,
521 1754 616 1801 quo
638 1739 886 1787 certiorem
909 1741 1231 1800 conjecturam
1254 1741 1410 1799 faciat,
1435 1742 1606 1789 doctis-

113 1821 244 1870 simis
279 1822 484 1870 abstinet
509 1823 919 1870 observationibus
947 1824 1006 1870 de
1035 1838 1179 1870 sensu
1216 1825 1604 1887 praepositionum

16 1929 39 1949 .-
115 1906 182 1951 ἐπί
203 1911 344 1968 atque
367 1908 464 1965 ὑπό,
494 1906 756 1968 callideque
784 1907 993 1954 ostendit
1021 1908 1418 1970 Hypocnemidios
1445 1909 1606 1970 desig-

114 1988 303 2037 navisse
332 2004 413 2038 eos
435 1990 516 2052 qui
542 1991 631 2037 sub
656 1997 813 2038 monte
838 1990 1092 2049 Cnemide‚
1123 1992 1263 2038 etiam
1293 1992 1340 2037 in
1367 1991 1605 2038 Cnemidis

113 2071 236 2120 clivo
277 2072 579 2134 habitabant,
621 2074 969 2137 Epicnemidios
1005 2089 1151 2135 vere,
1194 2076 1274 2136 qui
1313 2076 1606 2138 suppositam

20 2212 21 2219 ἵ
104 2140 262 2202 ⁴monti
288 2156 380 2203 late
404 2156 681 2204 obtinebant
701 2157 943 2219 regionem
971 2156 1062 2220 (5).
1083 2158 1256 2205 Verum
1286 2158 1387 2205 haec
1412 2158 1607 2205 Vischer

116 2251 208 2285 non
231 2239 463 2299 admittit,
492 2240 575 2287 sed
608 2239 810 2288 affirmat
842 2249 1004 2288 contra
1038 2241 1333 2303 Etymoloyici
1356 2244 1514 2304 Maym’
1538 2242 1606 2289 lo-

22 2334 23 2338 *
72 2382 75 2385 Ι
116 2334 219 2368 oum
255 2322 359 2370 sine
390 2323 536 2373 dubio
562 2323 778 2372 vitiatum
806 2339 911 2372 esse
938 2332 986 2372 et
1021 2325 1126 2388 plus
1162 2325 1454 2373 auctoritatis
1479 2326 1605 2371 Stra-

114 2547 116 2551 ·
156 2517 202 2568 (1)
221 2520 448 2569 lconomidis,
469 2536 524 2570 op.
548 2527 621 2568 cit„
641 2537 678 2570 p.
698 2525 738 2560 52
760 2536 836 2570 sqq.

159 2585 205 2628 (2)
221 2587 342 2620 Rhein.
359 2588 458 2627 Mus„
476 2585 615 2626 XXVI,
638 2587 731 2629 1871,
748 2598 782 2631 p.
804 2587 922 2624 39-96.

159 2644 204 2687 (3)
222 2644 351 2687 Strab.,
372 2646 435 2688 IX,
451 2647 527 2682 425.

160 2703 204 2746 (4)
225 2705 333 2747 Etum.
352 2706 480 2749 Maon„
500 2716 578 2742 ἔην.
601 2706 930 2750 Ἐπικνημίδιοι.

158 2764 203 2806 (5)
230 2765 460 2807 lconomidis,
481 2776 534 2809 op.
560 2769 631 2808 cit..
653 2778 688 2810 p.
706 2767 757 2801 43.
777 2766 831 2800 Gt.
854 2778 886 2809 p.
906 2766 1022 2800 39-51.
