1916 3198
688 870 870 920 CAPUT
905 871 980 918 lv.

640 1090 707 1123 DE
753 1087 1023 1123 annuus.

151 1278 224 1326 Ad
259 1280 612 1340 cognoscendas
643 1278 954 1342 Opuntiorum
992 1285 1117 1325 artes
1151 1278 1434 1325 documenta
1460 1292 1580 1339 quo·

13 1405 15 1410 ,
87 1377 180 1424 que
212 1363 347 1411 nobis
370 1361 612 1410 deficiunt.
644 1362 923 1424 Quanquam
961 1362 1005 1407 iu
1043 1362 1177 1408 titulo
1203 1375 1230 1406 a
1259 1362 1347 1408 Gn.
1387 1361 1579 1422 Calpur-

12 1446 35 1515 j
87 1446 164 1493 nio
185 1446 343 1494 Helice
366 1446 632 1508 conscripto
654 1444 728 1509 (l)
750 1453 918 1492 statuae
941 1443 1211 1509 (ἀγάλμαςτα)
1239 1451 1578 1502 memorantur,

21 1526 37 1555 ¹³
85 1530 260 1577 sontem
291 1530 463 1592 populo
490 1543 709 1587 romano,
738 1529 908 1576 Caesari
933 1527 1246 1590 Opuntiisque
1272 1528 1478 1595 dicatum
1501 1528 1580 1574 de-

19 1616 21 1619 “
84 1621 318 1661 corantes.
353 1613 525 1660 Verum
555 1613 630 1660 hae
655 1613 715 1660 ad
746 1613 1054 1675 posteriorem
1088 1618 1273 1659 aetatem
1313 1612 1576 1674 pertinent,

87 1710 241 1757 neque
259 1732 271 1754 ,
295 1697 334 1743 si
362 1696 508 1744 salvae
534 1706 719 1754 essent,
744 1697 857 1743 artis
884 1710 998 1743 vere
1022 1696 1230 1757 opuntiae
1258 1695 1474 1756 exempla
1494 1709 1578 1742 no-

86 1779 158 1826 bis
185 1771 467 1842 praeberent.
498 1779 556 1826 At
582 1780 660 1826 illa
687 1794 804 1840 gens
832 1779 962 1826 rudis
989 1786 1131 1840 atque
1158 1778 1380 1826 bellicosa
1398 1814 1409 1836 ‚
1440 1778 1579 1825 modo

84 1863 285 1921 victrix,
326 1863 467 1911 modo
505 1864 657 1921 victa,
698 1864 744 1910 in
784 1864 962 1926 proeliis
998 1877 1186 1924 semper
1223 1870 1443 1919 versata,
1481 1862 1579 1909 otio

19 1934 37 2001 ff
85 1947 275 1994 carebat
310 1956 362 1993 ut
395 1954 520 1994 artes
558 1955 764 1995 curaret.
805 1946 919 1993 Tum
959 1947 1122 1993 deerat
1158 1947 1343 1994 occasio
1372 1964 1381 1992 :
1415 1947 1579 2006 inopes

16 2046 35 2063 2
86 2030 211 2077 enim
237 2029 428 2092 Opuntii
466 2037 624 2089 erant3
656 2031 784 2077 unde
825 2045 979 2092 neque
1016 2031 1301 2077 venerandis
1335 2030 1425 2076 diis
1459 2030 1578 2075 mul-

18 2142 37 2146 =-
88 2121 178 2161 tam
203 2114 448 2175 pecuniam
473 2114 838 2176 profundebant,
866 2128 1019 2175 neque
1044 2128 1212 2174 magna
1237 2122 1283 2160 et
1305 2121 1580 2175 sumptuosa

10 2191 39 2241 ff
88 2197 258 2258 templa
295 2195 621 2254 aedificabant,
658 2211 765 2258 quae
798 2197 965 2243 statuis
1004 2203 1051 2243 et
1090 2197 1369 2259 anaglyphis
1409 2211 1580 2243 ornare

87 2287 279 2341 possent
298 2278 518 2326 artifices.
540 2279 643 2335 Quo
665 2281 835 2326 factum
859 2287 930 2326 est
953 2287 1002 2326 ut
1025 2280 1197 2326 nullam
1220 2280 1581 2326 architectorum

12 2394 28 2425 ,5¹
87 2362 444 2424 sculptorumve
472 2362 681 2409 scholam
704 2363 898 2425 opuntia
927 2363 1064 2409 tellus
1086 2362 1318 2422 genuerit.
1355 2362 1446 2408 Sed
1477 2377 1582 2408 cum

89 2445 168 2492 ille
196 2445 397 2507 populus
426 2446 542 2492 nihil
571 2461 654 2508 per
680 2461 731 2493 se
764 2446 1024 2503 invenerit,
1056 2460 1270 2506 quaerere
1298 2452 1453 2491 tamen
1481 2446 1585 2506 qui·
1604 2502 1614 2510 Ι

90 2531 194 2574 inus
221 2542 316 2590 quo
345 2529 486 2576 modo
511 2536 636 2576 artes
672 2530 731 2576 ab
767 2530 871 2575 aliis
904 2530 1121 2575 inventas
1149 2529 1446 2586 tractaverit;
1488 2536 1583 2574 tum

97 2611 287 2658 solertia
314 2612 516 2673 quadam
553 2620 686 2659 erant
723 2614 878 2660 forsan
911 2613 1124 2674 praediti,
1157 2627 1216 2659 ex
1250 2626 1367 2673 qua,
1400 2612 1487 2658 nisi
1515 2613 1586 2658 in-

133 2796 180 2839 (1)
199 2795 244 2830 V.
265 2806 384 2840 supra,
409 2808 444 2840 p.
470 2798 522 2832 57.
