1916 3198
361 273 412 314 90
868 283 920 311 nn
950 282 1096 312 Locrus
1124 281 1336 312 OPUNTIIS.

363 362 1128 425 nasinvenimus‚quaequealiqua
1140 361 1853 424 nobisanimadversionedigna

363 448 465 494 visa
501 455 627 495 sunt.
674 447 881 502 Quorum
928 447 1152 508 pleraque
1186 446 1326 491 rubra
1359 460 1464 491 cum
1506 446 1652 507 nigris
1688 445 1856 508 figuris

645 538 809 588 erant,
839 537 886 577 et
913 529 1054 576 modo
1079 529 1209 589 orgia
1237 529 1457 576 bacchica
1475 565 1486 587 ‚
1525 529 1664 577 modo
1691 532 1856 578 convi-

494 570 580 635 Δ
647 616 742 673 via,
760 613 1130 676 compotationes
1146 613 1567 674 repraesentabant,
1588 614 1858 661 communia

510 687 582 735 -ἱ
648 712 817 759 nempe
855 697 1121 759 spectacula
1163 703 1305 757 atque
1349 696 1394 741 in
1434 697 1561 743 vasis
1596 697 1859 759 saepissime

524 768 595 827 Q*
647 781 960 829 occurrentia.
994 780 1116 826 Nihil
1150 794 1266 827 vero
1294 779 1698 841 deprehendimus
1732 781 1861 843 quod

648 872 834 913 veteres
857 864 1167 926 Opuntiorum
1203 863 1385 910 fabulas
1409 864 1623 912 referret.

714 949 839 995 Inter
862 962 973 995 vasa
1003 955 1159 994 autem
1189 947 1382 1009 picturis
1408 949 1616 995 carentia
1633 984 1644 1006 ‚
1673 948 1859 1009 nigrum

650 1031 881 1094 scyphum
903 1031 1192 1088 notavimus,
1217 1030 1276 1077 de
1299 1045 1393 1092 quo
1421 1032 1595 1079 mentio
1617 1032 1714 1092 Jam
1743 1032 1862 1078 facta

651 1122 723 1162 est
754 1114 830 1178 (i)
863 1115 960 1174 (alt.
998 1114 1208 1174 0¹1¹,0603
1245 1114 1340 1162 oris
1376 1114 1521 1162 diam.
1559 1113 1783 1177 omno).
1812 1115 1863 1162 In

652 1213 748 1260 quo
775 1198 877 1246 haec
899 1199 1119 1259 leguntur
1153 1215 1162 1243 :

869 1332 1022 1387 Καλὸ(ς)
1041 1333 1257 1384 Παντέλεος,
1279 1333 1301 1372 ἃ
1320 1334 1469 1389 ποτήρια
1492 1335 1599 1374 καλά.

721 1469 787 1515 De
825 1482 918 1530 qua
957 1468 1075 1514 tituli
1114 1468 1315 1515 lectione
1351 1468 1470 1515 infra
1505 1468 1868 1531 disputabimus.

656 1552 793 1607 Quod
825 1552 882 1598 ad
912 1566 996 1598 vas
1023 1553 1216 1611 attinet,
1247 1552 1293 1598 in
1325 1552 1543 1614 sepulcro
1571 1567 1716 1614 prope
1743 1554 1872 1599 Liva·

658 1640 812 1683 nacais
853 1636 1098 1683 inventum
1143 1643 1230 1683 est.
1276 1636 1435 1683 Koerte
1479 1627 1637 1683 autem
1686 1636 1876 1697 conjicit

659 1720 891 1782 scyphum
921 1718 1046 1765 hunc
1072 1734 1164 1766 non
1193 1719 1440 1781 opuntium
1468 1733 1573 1766 esse
1596 1718 1688 1783 (2),
1717 1719 1801 1766 sed
1827 1720 1873 1766 in

657 1803 890 1864 Opuntius
939 1803 1082 1849 fuisse
1127 1803 1428 1865 importatum
1471 1817 1525 1849 ac
1572 1802 1707 1850 titulo
1747 1803 1877 1865 prius

395 1911 423 1954 s.
663 1887 894 1932 munitum
926 1900 1067 1947 quam
1097 1886 1446 1948 importaretur.
1476 1885 1564 1940 Qui
1592 1887 1876 1947 conjecturis

665 1970 862 2016 nimium
906 1969 1151 2029 indulgere
1190 1969 1397 2016 videtur.
1437 1969 1714 2031 Quanquam
1751 1970 1876 2017 enim

661 2061 792 2100 certo
826 2067 917 2100 non
949 2053 1123 2099 scimus
1160 2060 1312 2098 utrum
1348 2053 1436 2099 hoc
1471 2067 1555 2100 vas
1589 2053 1771 2115 opuntii
1804 2068 1881 2100 cu·

658 2138 846 2198 jusdam
889 2136 1083 2183 artificis
1127 2151 1245 2198 opus
1287 2137 1455 2195 fuerit,
1501 2152 1681 2195 necne,
1727 2146 1879 2185 tamen

667 2221 780 2267 nihit
820 2221 1111 2267 domonstrat
1146 2221 1448 2282 importatum
1483 2221 1656 2279 fuisse,
1695 2235 1878 2282 neque,

515 2333 544 2357 0
666 2305 853 2351 etiamsi
881 2305 1064 2367 suisset,
1087 2304 1270 2350 titulum
1295 2304 1410 2351 alias
1430 2310 1572 2366 atque
1595 2305 1640 2351 in
1664 2304 1883 2367 Opuntiis

516 2382 575 2435 >
668 2403 776 2435 csso
801 2388 1018 2435 incisum.
1036 2388 1270 2447 Ceterum,
1294 2389 1331 2434 si
1353 2388 1538 2450 signum
1564 2397 1594 2441 Β
1617 2387 1880 2450 exceperiS,

533 2434 602 2508 Δ
673 2472 799 2534 quod
836 2473 882 2518 in
912 2472 1215 2532 galaxidiano
1244 2471 1378 2518 titulo
1406 2485 1497 2519 non
1530 2472 1762 2529 occurrit,
1800 2471 1883 2519 sed

534 2523 615 2595 ᾖ
671 2563 812 2604 antea
851 2556 1006 2603 forsan
1040 2555 1305 2614 existebat,
1341 2569 1446 2601 cum
1480 2554 1790 2617 Opuntiorum
1819 2554 1884 2601 ai·

405 1746 432 1818 a!

509 844 573 882 ,ιι

493 917 552 981 Q

443 1006 538 1105 εἰ

440 1123 515 1171 ιω

442 1200 503 1251 71.-

429 1287 477 1335 0

391 1482 483 1608 {³2

399 1609 501 1662 x...

424 1683 475 1730 0

409 1952 494 2004 ω

434 2034 491 2087 γ

458 2097 501 2152 2.

455 2186 506 2239 Δ.

476 2280 531 2331 c.

431 2735 479 2774 (1)
505 2734 548 2768 V.
572 2745 690 2778 nuptu,
715 2747 746 2778 p.
768 2735 808 2768 79
828 2745 902 2778 sqq.

431 2795 478 2836 (Ἰ)
500 2796 606 2828 mult.
627 2796 662 2830 d.
685 2796 718 2828 d.
737 2795 828 2828 arch.
849 2796 933 2828 Iun.
954 2796 994 2827 in
1014 2794 1135 2834 Athen,
1158 2792 1219 2834 lV,
1243 2803 1276 2835 p.
1301 2792 1374 2830 271.
1397 2802 1432 2826 n.
1455 2791 1481 2825 t.
