1916 3198
333 241 379 280 16
847 252 899 280 DE
929 251 1075 281 Locrus
1104 251 1315 282 OPUNTIIS.

330 330 378 376 id
408 335 586 377 tantum
611 329 815 376 assecuti
842 336 952 376 sunt
978 329 1292 378 Athenienses
1317 337 1367 377 ut
1386 330 1612 377 Euboeam
1633 330 1825 377 Periclis

329 413 527 461 consilio
553 427 608 460 ac
627 413 804 460 virtute
830 413 1133 474 subigerent3
1162 421 1332 461 ceterae
1356 420 1513 461 autem
1545 414 1824 477 septentrio-

330 497 449 544 nalis
483 496 678 544 Graeciae
711 496 928 543 civitates
967 497 1152 558 ipsique
1186 497 1377 560 Opuntii
1405 497 1452 544 in
1481 497 1746 547 libertatem
1773 511 1826 544 se

328 580 711 640 vindicaverunt,
735 587 782 627 et
804 580 969 627 exules
993 580 1185 628 domum
1212 581 1474 640 redierunt,
1503 587 1550 628 et
1572 581 1824 643 populares

327 664 582 727 factiones,
615 679 722 711 cum
763 664 1011 726 imperium
1057 664 1351 726 aliquamdiu
1387 664 1734 724 obtinuissent,
1774 664 1823 710 in

327 750 554 798 ditionem
582 751 861 812 optimatum
890 750 1067 812 ubique
1090 751 1379 798 reciderunt.

391 834 560 881 Iisdem
595 834 743 881 ferme
778 834 1070 896 temporibus
1098 835 1299 892 accidit,
1335 835 1464 896 quod
1489 835 1563 882 his
1594 834 1823 897 proximis

326 918 462 964 annis
502 924 680 964 tantum
719 917 1064 979 comperimuS‚
1106 924 1156 964 ut
1191 918 1303 966 novi
1335 918 1489 966 coloni
1528 919 1820 980 Naupactum

327 1001 640 1048 mitterentur.
674 1001 821 1048 Notus
849 1008 921 1047 est
955 1001 1081 1047 enim
1111 1000 1188 1047 ille
1213 1001 1377 1048 titulus
1401 1016 1548 1064 prope
1574 1001 1789 1048 Galaoeidi
1804 1037 1818 1061 ,

326 1084 374 1131 id
408 1091 479 1132 est
509 1085 751 1146 antiquam
794 1084 1041 1132 Ozolarum
1080 1085 1243 1131 urbem
1278 1084 1566 1132 OEantheam
1594 1083 1697 1148 (⁴),
1735 1099 1821 1132 nu-

325 1182 409 1230 per
441 1175 686 1230 repertus,
726 1182 867 1229 quem
906 1168 1188 1215 Iconomidis
1226 1168 1405 1230 primus
1437 1168 1586 1215 edidit
1625 1166 1712 1230 (2).
1751 1168 1822 1216 Ex

324 1266 419 1313 quo
443 1251 596 1310 titulo,
625 1265 764 1299 aereae
798 1251 985 1298 laminae
1014 1252 1248 1313 insculpto
1267 1287 1279 1310 ,
1309 1265 1442 1298 sacra
1468 1266 1523 1298 ac
1551 1251 1710 1298 civilia
1738 1266 1821 1299 co-

324 1335 539 1382 lonorum
561 1336 669 1395 jura
691 1335 872 1381 discere
895 1334 1020 1391 licet,
1044 1341 1186 1395 atque
1211 1334 1433 1396 imposita
1455 1334 1523 1381 eis
1548 1334 1818 1396 vectigalia,

323 1433 410 1466 neo
437 1433 531 1466 non
555 1425 602 1465 et
627 1418 931 1465 condiciones
958 1418 1132 1479 quibus
1161 1418 1207 1464 in
1232 1418 1429 1480 patriam
1458 1418 1702 1465 civitatem
1726 1433 1823 1466 res-

325 1501 429 1548 titui
455 1501 671 1563 quibant,
699 1507 1004 1560 testamenta,
1025 1501 1311 1548 hereditates
1329 1536 1342 1559 ,
1372 1507 1462 1548 etc.
1492 1497 1608 1556 Quae
1634 1501 1822 1548 curabi-

324 1599 429 1631 mus
460 1585 645 1643 omnia,
687 1599 793 1632 cum
834 1585 894 1631 de
929 1584 1239 1646 Opuntiorum
1279 1584 1462 1646 legibus
1509 1584 1816 1632 disseremus.

322 1669 474 1727 Nunc,
500 1683 593 1731 qua
619 1675 758 1715 aetate
784 1668 946 1714 titulus
970 1668 1175 1730 scriptus
1201 1668 1358 1725 fuerit,
1384 1667 1706 1729 inspiciamus.
1728 1668 1822 1715 Sci—

323 1752 432 1799 licet
456 1751 801 1809 Athenienses,
841 1766 946 1798 cum
975 1766 1101 1798 anno
1134 1766 1179 1797 a.
1217 1751 1265 1797 C.
1311 1766 1358 1798 n.
1401 1749 1492 1795 455
1529 1751 1819 1813 Naupactum

322 1836 577 1899 cepissent,
602 1834 948 1882 Messeniorum
972 1834 1197 1895 reliquias
1213 1870 1225 1892 ‚
1253 1848 1279 1880 a
1307 1833 1673 1881 Lacedaemoniis
1698 1835 1821 1882 Mes·

321 1920 453 1967 senia
481 1919 670 1966 tandem
698 1919 939 1981 expulsas,
971 1919 1018 1965 in
1038 1919 1127 1965 hoc
1151 1918 1380 1980 oppidum
1410 1918 1690 1965 transtulere
1714 1916 1816 1981 (3);

321 2004 436 2061 sed,
474 2010 578 2065 post
605 2016 807 2064 pugnam
843 2002 903 2049 ad
932 2003 1071 2063 AEgos
1108 2001 1284 2048 flumen
1327 2001 1655 2060 commissam,
1694 2001 1819 2047 Nau-

322 2094 509 2150 pactum
535 2093 937 2148 recuperaverunt
960 2085 1328 2143 Lacedaemonii,
1354 2085 1692 2146 Messeniisque
1712 2085 1820 2132 sub-

324 2172 462 2220 motis
483 2206 495 2228 ,
532 2171 696 2217 urbem
724 2171 880 2218 Ozolis
907 2170 1216 2217 reddiderunt
1243 2168 1333 2232 (4).
1363 2169 1473 2215 Jure
1494 2168 1635 2228 igitur
1659 2174 1820 2216 censet

324 2253 603 2302 lconomidis
631 2254 690 2300 ab
726 2269 850 2301 anno
891 2252 982 2299 455
1017 2268 1166 2315 usque
1205 2253 1264 2300 ad
1305 2251 1662 2298 Atheniensium
1691 2251 1817 2298 illam

366 2483 409 2524 (1)
434 2481 598 2516 Earndcm
620 2491 744 2525 nempe
766 2485 870 2523 atquc
896 2479 1145 2522 llynntlieam.
1169 2487 1296 2521 supra,
1321 2487 1354 2520 p.
1382 2477 1414 2518 9,
1442 2479 1690 2518 memoratum,
1715 2485 1818 2519 quam

321 2554 340 2574 n
367 2543 476 2576 Locro
495 2543 673 2575 conditum
694 2551 769 2574 csso
791 2541 957 2574 traditum
978 2543 1066 2572 crat.

364 2604 410 2643 (2)
436 2602 624 2636 Ἰῠποίκια
643 2604 820 2645 Λοκρῶν
845 2601 1088 2644 γράμματα,
1114 2601 1180 2632 ote.
1207 2597 1305 2631 Pauo
1328 2595 1502 2630 colonario
1526 2595 1575 2629 do'
1598 2596 1711 2636 Locri,
1736 2599 1816 2634 cte..

322 2663 483 2701 Athonis,
511 2662 599 2694 ¹⁸09.

364 2720 552 2763 (3)'1'11ue.,
581 2721 606 2757 Ι,
627 2719 694 2760 103,
715 2719 746 2752 8.

364 2781 409 2822 (4)
431 2780 592 2818 l'nunnn..
620 2778 750 2818 1V,2‹3,
773 2778 810 2815 22
838 2777 883 2818 X,
902 2779 952 2817 38,
977 2777 1023 2809 ¹0.
