1916 3198
399 162 475 202 100
917 174 968 202 DE
998 172 1144 203 Locms
1171 172 1383 203 opmrrns.
1450 188 1452 190 -

398 254 477 300 nio
495 289 506 308 ‚
534 267 699 299 verum
729 265 782 298 ea
811 266 1000 313 quoque
1029 252 1223 298 mollitie
1248 251 1460 314 praeditae
1486 264 1594 312 quae
1628 265 1690 298 ex
1715 251 1890 313 opibus

398 336 630 392 nascitur,
671 349 723 380 ea
761 349 874 381 vero
911 335 1163 396 asperitate
1190 334 1333 380 animi
1361 348 1416 380 ac
1443 334 1620 381 virtute
1652 341 1888 393 carentes,

396 432 536 479 quam
567 425 751 478 egestas
773 417 986 478 duraque
1012 411 1577 479 necessitas‘partnriunt.

459 501 571 547 Cum
605 501 758 548 Ozolis
782 507 939 547 autem
972 501 1128 562 aptius
1153 499 1344 562 Opuntii
1372 501 1633 562 comparari
1667 508 1885 562 possunt.

394 584 576 645 Quippe
602 599 721 645 quos
744 583 1054 645 Opuntiorum
1085 584 1277 630 colonos
1307 584 1452 630 fuisse
1478 589 1662 630 constet
1682 590 1730 630 et
1758 583 1890 631 Grae·

394 667 513 713 ciam
539 666 826 713 habitavisse
853 673 899 712 et
920 681 1026 712 cum
1054 665 1269 727 Opuntiis
1295 666 1571 712 continuum
1592 680 1736 728 prope
1758 681 1890 714 com-

397 750 618 796 mercium
652 749 919 796 retinuisse.
948 749 1003 794 Hi
1031 756 1216 806 tamen,
1251 750 1290 795 si
1326 749 1587 811 Thucydidi
1629 750 1887 809 credimus,

394 847 419 878 a
457 834 601 894 polita
637 832 950 894 Opuntiorum
1010 833 1202 879 civitate
1257 833 1454 879 multum
1512 832 1883 880 abhorruerunt.

392 916 642 962 Contendit
690 917 814 962 enim
860 916 1159 978 Thucydides
1207 915 1372 963 Ozolas
1390 952 1403 974 ,
1459 916 1600 963 etiam
1654 916 1883 978 pelopon-

397 999 571 1045 nesiaci
599 999 709 1045 belli
741 1007 967 1060 tempore,
1007 999 1123 1044 nihil
1146 999 1234 1045 nisi
1264 1000 1468 1047 latrones
1495 999 1736 1056 extitisse,
1766 1013 1887 1046 sem-

395 1097 571 1144 perque
585 1089 789 1129 armatos
804 1083 850 1127 in
872 1082 1108 1129 montibus
1127 1082 1272 1128 vitam
1296 1083 1472 1144 rapinis
1495 1083 1769 1129 exercuisse
1785 1082 1882 1146 (i).

392 1166 486 1211 Nec
514 1166 765 1212 immerito.
803 1166 917 1210 Nam
958 1172 1167 1226 pastores
1202 1165 1414 1226 plerique
1449 1165 1496 1211 in
1532 1165 1695 1212 ovium
1729 1171 1887 1212 custo-

393 1249 470 1294 dia
501 1249 721 1308 caseique
755 1249 1050 1295 confectione
1085 1248 1430 1306 versabantur,
1463 1262 1619 1309 neque
1645 1248 1762 1295 alias
1789 1249 1889 1296 fere

393 1334 605 1378 fortunas
634 1332 968 1393 possidebant,
1001 1331 1090 1377 nisi
1118 1345 1285 1392 greges
1324 1337 1372 1377 et
1404 1331 1609 1378 stabula.
1639 1330 1775 1378 Unde
1809 1347 1889 1378 ru-

393 1415 476 1460 des
504 1415 762 1475 incultique
785 1415 948 1461 animi.
973 1414 1034 1460 At
1059 1414 1275 1476 Opuntiis
1297 1414 1443 1462 multo
1473 1429 1605 1462 mens
1634 1415 1885 1474 urbanior3

392 1512 546 1559 neque
571 1498 881 1559 Opuntiorum
906 1506 1101 1560 nepotes
1130 1500 1360 1559 maJorum
1390 1498 1563 1546 indolis
1591 1499 1733 1546 etiam
1759 1513 1886 1546 nunc

394 1582 694 1628 immemores
718 1582 941 1628 videntur
959 1595 970 1641 ;
991 1581 1117 1644 apud
1143 1596 1264 1643 quos
1284 1581 1474 1629 saltatio
1498 1588 1761 1644 cantusque
1787 1596 1890 1644 per·

392 1665 719 1727 duraverunt,
757 1665 1031 1727 perduravit
1068 1673 1115 1712 et
1150 1672 1364 1712 veterum
1402 1665 1668 1712 fabularum
1708 1679 1888 1714 memo·

394 1749 485 1806 ria,
514 1748 638 1795 haud
679 1755 903 1810 perpetua
945 1755 1071 1795 certe
1099 1762 1254 1795 rerum
1291 1749 1575 1805 traditione,
1619 1749 1705 1796 sed
1728 1784 1742 1808 ,
1782 1763 1889 1796 cum

395 1833 526 1894 pueri
547 1847 607 1878 ex
635 1832 729 1878 ludi
752 1833 974 1893 magistro
997 1831 1309 1894 Opuntiorum
1336 1832 1507 1879 samam
1527 1831 1809 1891 didecerint,
1831 1833 1888 1879 il-

395 1918 463 1964 los
489 1932 665 1975 amare,
693 1917 796 1964 illos
824 1917 1040 1964 venerari
1061 1923 1357 1976 assuescunt,
1388 1917 1617 1979 multique
1632 1925 1888 1965 occurrunt

393 2001 591 2061 quibua,
633 2001 679 2046 in
716 2000 942 2048 honorem
980 2000 1135 2047 laudis
1165 2000 1445 2062 praeteritae,
1481 2000 1680 2048 Patrocli
1715 2013 1890 2049 nomen

395 2083 666 2146 impositum
695 2091 782 2131 est.

435 2254 480 2296 (l)
502 2252 627 2295 Thac..
647 2254 676 2295 1,
696 2254 727 2295 5,
747 2253 779 2288 8.

1059 2475 1229 2518 FINIS.
