1916 3198
371 258 421 299 82
888 258 941 288 nr.
969 255 1116 286 Locms
1143 248 1354 283 opunwns.

372 346 616 407 cujusdam
665 338 916 396 memoria,
965 334 1046 396 qui
1082 332 1208 395 apud
1245 323 1585 391 Epizephyrios
1632 319 1862 376 florebat,

373 431 550 492 quique
597 438 750 473 caecus
798 418 1124 482 dithyrambos
1164 424 1450 476 paeanasque
1486 406 1739 468 scripserat
1782 400 1863 463 (1).

373 515 487 561 Tum
517 510 738 558 novimus
765 516 954 568 quoque
979 499 1164 548 Nossim
1198 495 1427 559 poetriam
1461 489 1564 554 (2),
1594 488 1869 546 clarumque

375 595 718 648 citharoedum,
758 587 950 636 nomine
985 585 1279 638 Eunomum,
1313 577 1395 639 qui
1434 580 1572 638 poeta
1608 585 1703 618 non
1739 574 1866 626 erat,

376 682 462 730 sed
515 685 758 741 poetarum
818 670 1026 718 carmina
1083 663 1278 712 mirifice
1334 656 1735 722 interpretabatur
1783 650 1867 714 (3).

376 767 549 812 Verum
574 776 635 808 ex
659 759 753 805 illis
776 755 892 802 nihil
916 753 977 799 ad
997 746 1083 799 n'os
1107 746 1340 812 pervenit.
1365 743 1438 790 Ab
1460 740 1693 788 Athenaeo
1714 744 1871 783 tamen

379 849 604 896 discimus
626 842 823 905 lyricum
845 850 1036 886 versum
1061 832 1188 895 apud
1205 825 1541 892 Epizephyrios
1559 821 1758 869 feliciter
1778 817 1874 866 cul·

381 941 476 979 tum
501 943 628 986 esse3
652 926 786 985 cujus
798 921 986 969 Pindari
1012 925 1059 965 et
1077 912 1331 963 Simonidis
1352 908 1559 970 aequales
1575 901 1870 952 harmoniam

381 1013 704 1066 imitabantur,
732 1005 956 1060 fideliter,
988 1008 1038 1047 ut
1064 998 1281 1054 videtur,
1308 1005 1473 1041 omnes
1500 987 1646 1037 animi
1675 985 1875 1032 affectus

383 1098 660 1144 referentem
689 1089 782 1153 (lt).
809 1088 868 1134 At
890 1083 1118 1133 amatoria
1146 1079 1351 1127 maxime
1378 1073 1587 1122 carmina
1613 1067 1876 1132 Epizephy-

385 1181 465 1228 riis
507 1176 780 1241 placebant,
825 1169 1040 1232 Sapphus
1078 1172 1124 1211 et
1162 1158 1473 1209 Anacreontis
1515 1168 1647 1202 more
1684 1163 1878 1212 compo·

385 1264 472 1310 sita
500 1260 599 1324 (5),
635 1272 722 1304 nec
748 1269 842 1302 non
870 1260 916 1300 et
945 1259 1105 1298 tenera
1131 1245 1349 1309 quaedam
1378 1240 1564 1304 poesis,
1601 1250 1742 1299 quam
1771 1230 1880 1293 ᾠδὰς

389 1346 581 1410 μοιχικάς
604 1341 862 1388 Athenaeus
888 1341 1025 1384 vocat
1052 1331 1132 1394 (6).

454 1429 549 1475 Etsi
577 1426 679 1472 haec
706 1423 927 1483 exiguam
966 1416 1102 1465 nobis
1131 1415 1283 1460 lucem
1311 1412 1600 1472 suppetunt,
1630 1417 1718 1451 nec
1746 1400 1881 1448 facile

390 1520 462 1561 est
489 1527 550 1558 ex
574 1510 647 1556 his
672 1506 937 1566 intelligere
963 1513 1180 1564 quaenam
1204 1492 1628 1558 Epizephyriorum
1656 1485 1796 1533 fuerit
1819 1485 1884 1531 in-

391 1596 516 1658 genii
541 1595 631 1652 vis,
663 1606 722 1638 ne
741 1590 850 1637 talia
872 1586 1067 1649 quidem
1095 1583 1376 1629 documenta
1406 1576 1466 1623 de
1489 1571 1706 1636 Opuntiis
1732 1567 1882 1632 possi-

392 1683 574 1728 demus.
616 1674 787 1723 Boeckh
831 1680 985 1718 tamen
1023 1671 1184 1714 censet
1225 1658 1563 1725 Epizephyrios
1596 1651 1884 1702 carminibus

393 1772 535 1825 atque
572 1760 749 1808 musica
785 1753 1108 1819 praecellentes
1135 1748 1308 1805 fuisse,
1338 1743 1449 1805 quia
1474 1741 1534 1788 ab
1560 1736 1777 1800 Opuntiis
1804 1740 1885 1781 aut

393 1847 565 1904 Ozolis,
601 1844 698 1891 suis
730 1836 1082 1891 conditoribus,
1113 1832 1215 1878 haec
1241 1826 1534 1889 accepissent
1559 1820 1652 1884 (7).
1694 1815 1885 1880 Opuntii

396 1944 565 1992 nempe
599 1926 775 1974 musica
803 1931 850 1970 et
880 1920 967 1983 ipsi
997 1914 1368 1964 delectabantur.
1400 1909 1510 1955 Erat
1545 1905 1669 1953 enim
1701 1902 1887 1964 Opunte

396 2018 512 2076 (quo
542 2021 779 2073 tempore,
820 1999 1079 2063 nescimus)
1120 1994 1424 2059 Bacchylides
1457 1990 1650 2053 quidam
1682 1985 1884 2043 tibicen,

396 2113 536 2161 quem
562 2096 689 2142 Plato
701 2091 907 2139 comicus
928 2088 1049 2133 inter
1069 2082 1303 2144 sophistas
1322 2070 1706 2135 numerabatffl),
1721 2081 1887 2131 quem-

397 2197 490 2244 que
506 2178 696 2235 Boeckh,
721 2183 879 2223 vetere
905 2168 1215 2232 Opuntiorum
1237 2176 1342 2210 cum
1369 2160 1471 2207 Ceis
1485 2155 1690 2205 amicitia
1717 2154 1886 2208 fretus,

444 2352 489 2393 (l)
507 2349 550 2382 V.
571 2343 888 2381 Patria-nimiam.
906 2349 1016 2383 qraec..
1040 2337 1130 2378 1791,
1154 2335 1198 2375 11,
1215 2344 1249 2377 p.
1270 2332 1339 2366 160.
1361 2330 1413 2364 Cf.
1435 2328 1498 2370 KV,
1515 2338 1549 2371 p.
1569 2326 1642 2360 ⁴99.

444 2411 491 2453 (2)
512 2410 613 2446 lbid„
638 2409 682 2446 11,
706 2417 738 2449 p.
765 2404 834 2437 133.
855 2402 908 2435 Cf.
932 2399 994 2440 tv,
1014 2409 1047 2441 p.
1073 2397 1145 2430 485.

445 2472 489 2513 (3)
509 2470 638 2507 δικ-ιώ..
661 2464 812 2506 V1‚200.

446 2532 489 2573 (fl)
509 2531 650 2566 Athen..
675 2522 774 2563 xlv,
796 2535 830 2566 p.
848 2521 907 2554 625
929 2531 960 2553 c.

442 2592 489 2633 (5)
515 2590 579 2627 ιιι,
605 2585 702 2626 xlv,
720 2596 755 2627 p.
773 2583 834 2616 039
853 2592 884 2614 a.

446 2651 491 2691 (0)
513 2649 575 2686 ld..
598 2645 677 2686 XV,
700 2656 733 2688 p.
752 2642 813 2676 (507
831 2644 864 2674 b.

447 2709 491 2750 (7)
518 2708 661 2746 ΒωεΙιΙι,
685 2706 723 2739 C.
745 2704 770 2736 1.
790 2703 839 2739 G..
863 2700 908 2737 11,
934 2708 967 2741 p.
985 2696 1059 2735 290,
1078 2695 1146 2728 col.
1163 2692 1195 2724 2.

445 2771 491 2810 (8)
511 2768 628 2802 schol.
650 2763 847 2805 Aristoph..
868 2758 969 2796 Nub..
987 2755 1058 2790 331.
