1916 3198
360 234 411 282 94
877 251 930 280 tm
959 251 1105 282 nocais
1127 245 1344 282 optimus.

360 338 553 387 uantur,
581 330 803 390 quoniam
831 329 1057 390 Tanagrae
1082 327 1369 393 (Skimatari)
1396 330 1561 377 multae
1586 330 1661 377 his
1689 331 1850 392 proxi-

358 413 446 459 mis
473 413 608 459 annis
635 420 833 474 repertae
859 419 970 458 sunt
997 421 1144 474 atque
1161 414 1221 460 ab
1247 413 1519 460 hominibus
1545 414 1847 475 antiquarum

358 511 510 543 rerum
531 496 692 558 peritis
714 510 998 558 magnopere
1014 497 1204 543 fuerunt
1229 497 1450 544 laudatae.
1474 497 1669 559 Opuntii
1692 503 1848 544 tamen

355 594 465 626 suas
493 580 667 627 habent
689 579 854 626 fictiles
881 579 1074 641 figuras,
1105 595 1304 642 quarum
1333 581 1538 628 maxima
1565 595 1672 643 pars
1698 595 1845 644 prope
1885 615 1889 627 i

357 664 609 709 Livanacais
637 669 683 709 et
701 664 858 710 Sancti
880 664 1058 709 Ioannis
1087 665 1124 709 T
1122 664 1286 724 heoloqi
1310 664 1535 711 sacellum
1561 663 1800 711 effoditur.

419 745 488 792 Ex
510 746 566 792 iis
582 752 738 792 autem
758 746 914 807 plures
939 746 1031 793 alio
1049 747 1151 794 loco
1175 747 1528 808 descripsimus,
1551 747 1677 808 apud
1701 760 1844 808 paga-

355 843 440 875 nos
466 842 492 874 a
527 828 663 875 nobis
691 829 907 875 inventas
931 827 1034 892 (l);
1064 836 1161 875 tum
1193 829 1504 876 indicavimus
1530 843 1625 891 qua
1648 829 1847 876 materia

355 910 476 957 fictae
502 918 677 970 essent,
707 912 880 973 quibus
909 911 1118 958 artificiis
1146 913 1425 970 elaboratae,
1456 919 1547 960 etc.
1578 912 1693 967 Quae
1722 927 1847 960 nunc

354 995 650 1053 omittentes,
688 994 776 1042 hoc
801 995 952 1042 solum
982 1002 1228 1055 notemus,
1266 996 1451 1042 illarum
1478 995 1734 1057 figurarum
1764 1010 1847 1057 ge-

355 1092 442 1123 nus
470 1078 567 1124 fere
594 1078 976 1139 antiquissimum
1005 1093 1128 1125 esse.

417 1160 543 1207 Inter
567 1175 683 1222 quas
711 1161 839 1207 nulla
865 1175 1009 1223 prope
1039 1176 1100 1208 ex
1127 1161 1217 1207 illis
1246 1162 1747 1222 repraesentationibus
1774 1163 1844 1209 of-

352 1243 576 1302 fenditur,
601 1258 726 1305 quae,
751 1244 872 1290 sicut
899 1244 1062 1304 figurae
1088 1244 1147 1291 ad
1173 1244 1431 1305 Tanagram
1455 1245 1659 1303 effossae,
1680 1259 1842 1292 recen·

353 1327 493 1374 tiores
525 1334 688 1373 aetates
724 1327 959 1386 referunt3
991 1342 1146 1389 neque
1184 1328 1370 1375 feminae
1397 1335 1649 1375 occurrunt
1672 1328 1842 1391 amplis

351 1410 561 1456 vestibus
588 1410 764 1456 indutae
791 1409 1126 1471 flabellumque
1146 1426 1287 1457 manu
1308 1419 1544 1472 gerentes,
1576 1426 1729 1473 neque
1755 1426 1839 1459 an-

347 1493 468 1540 cillae
486 1493 547 1539 ad
576 1493 820 1540 macellum
849 1500 1034 1551 eunteS,
1064 1508 1215 1555 neque
1243 1501 1466 1556 petasatae
1487 1495 1838 1554 ambulatrices,

351 1591 503 1638 neque
537 1577 734 1639 pistores
772 1590 939 1639 panem
971 1576 1304 1637 conficientes,
1336 1593 1490 1640 neque
1525 1579 1672 1642 satyri
1709 1593 1841 1641 nym-

348 1660 463 1722 phas
514 1660 721 1707 humeris
777 1667 1018 1722 portantes
1038 1697 1049 1719 ‚
1099 1668 1189 1708 etc.
1237 1661 1410 1708 Paucas
1449 1676 1510 1709 ex
1544 1662 1634 1709 illis
1673 1662 1839 1723 imagi-

350 1744 503 1802 nibus,
533 1744 708 1806 quibus
729 1744 1030 1805 quotidianos
1060 1744 1406 1806 praeteritorum
1436 1751 1699 1807 temporum
1725 1760 1838 1793 usus

349 1828 655 1890 perspicimus
686 1834 732 1874 et
757 1828 1082 1888 antiquitatem
1109 1828 1243 1889 quasi
1273 1828 1332 1874 ad
1365 1828 1526 1875 vivum
1563 1843 1835 1891 expressam

347 1910 772 1972 deprehendimus,
800 1911 903 1957 sive
932 1912 1184 1957 Livanatais
1210 1911 1344 1959 nobis
1365 1911 1468 1959 sive
1493 1913 1677 1959 Sanctus
1701 1911 1839 1959 Ioan⁴

344 2008 417 2040 nes
440 1994 673 2054 Theoloqus
698 1993 852 2040 offert.
880 1993 972 2039 Sed
994 2007 1069 2039 ars
1097 1994 1317 2056 opuntia,
1352 1994 1715 2057 haudquaquam
1748 1995 1836 2042 Ta-

347 2089 640 2137 nagraeorum
675 2076 762 2122 arti
805 2076 1121 2138 comparanda
1155 2074 1309 2138 (nulla
1341 2077 1465 2124 enim
1501 2092 1563 2124 ex
1591 2077 1647 2124 iis
1675 2076 1837 2140 figuris

343 2173 614 2222 supremum
643 2173 809 2207 manus
837 2159 1045 2206 laborem
1075 2167 1270 2222 experta
1299 2161 1421 2220 est),
1454 2160 1680 2208 minorem
1717 2174 1835 2223 quo-

344 2257 436 2305 que
458 2242 599 2290 habet
625 2242 895 2291 inveniendi
920 2242 1015 2290 vim
1042 2257 1096 2289 ac
1121 2242 1410 2290 facultatem.
1435 2243 1607 2290 Verum
1628 2242 1834 2305 gravitas

384 2412 430 2454 (1)
449 2411 537 2446 nult.
552 2412 594 2445 de
610 2419 696 2446 corr.
715 2410 850 2451 hellin..
867 2410 933 2451 111,
954 2420 988 2453 p.
1008 2410 1165 2444 213-221.
1184 2409 1236 2444 Cf.
1253 2409 1288 2444 J.
1306 2409 1453 2451 Martha,
1474 2411 1654 2453 catalauno
1670 2412 1727 2446 det
1742 2413 1832 2455 Mu-

341 2473 436 2505 tineae
451 2482 493 2505 en
515 2477 598 2505 terre
616 2471 704 2504 cuitu
724 2471 771 2504 du
791 2472 902 2504 museo
924 2471 964 2503 da
988 2470 1023 2503 fa
1042 2470 1172 2504 sociem
1191 2469 1447 2512 antidotumque
1462 2470 1651 2509 dumanas.
1668 2481 1702 2514 p.
1722 2470 1829 2513 95-99,

343 2534 411 2565 tub.
436 2531 503 2564 Vll
517 2556 525 2570 ,
546 2530 700 2572 V111.2;
723 2530 906 2573 Cataloaue
927 2531 968 2564 do
985 2531 1018 2564 la
1035 2530 1212 2564 collection
1237 2529 1457 2572 d'anaetquitds
1482 2539 1638 2574 oraequos
1661 2531 1702 2565 de
1720 2532 1764 2565 Π.
1790 2532 1827 2566 0.

344 2592 458 2633 flavet,
478 2590 636 2631 Parisiis,
659 2590 749 2629 1870,
772 2601 805 2633 p.
826 2589 912 2624 9-11.
938 2589 981 2623 V.
1002 2594 1037 2623 ct
1058 2591 1145 2623 nlius
1162 2590 1398 2632 Opuntiorum
1418 2589 1544 2623 fictiles
1568 2590 1696 2632 figuras
1714 2591 1749 2623 in
1769 2599 1830 2624 ca·

342 2651 457 2691 calogo
485 2650 640 2692 sylloge·
666 2649 915 2689 anmcviilc,
947 2649 1151 2692 nuperrimo
1174 2648 1326 2683 venditu)
1346 2648 1563 2690 (secundum
1591 2649 1693 2691 april.
1715 2649 1827 2693 2881),

343 2719 376 2741 n.
398 2709 467 2749 tw,
492 2709 561 2742 160.
584 2707 779 2742 Nonnullae
798 2709 903 2742 etlam
924 2719 968 2742 ex
989 2709 1059 2742 illis
1079 2709 1221 2752 figuris,
1244 2706 1278 2740 ln
1300 2716 1461 2741 muscum
1481 2706 1708 2742 Berolincnse
1725 2707 1829 2742 modo

341 2768 546 2807 trun-latu,
568 2771 720 2803 mcrorut
738 2769 839 2803 Arch.
860 2768 960 2809 teta..
982 2766 1196 2807 xxxvm,
1218 2766 1317 2809 1880,
1335 2777 1369 2808 p.
1391 2765 1445 2801 39.
