1916 3198
611 190 663 218 nn
691 189 822 218 nunus
852 188 1142 220 opun'rronum.
1604 178 1626 216 5

131 278 302 330 nante,
331 270 426 317 filia
459 268 694 327 nascitur,
726 283 834 330 quae
860 268 1163 330 Protogenia,
1195 269 1316 316 sicut
1343 268 1478 324 avia,
1508 274 1620 326 aut,

133 361 182 401 ut
201 353 477 402 Aristoteles
503 350 729 409 affirmat,
754 351 983 415 Camb'yse
1009 353 1249 400 nominata
1274 358 1345 399 est
1367 350 1459 414 (l).
1485 351 1622 412 Quae,

129 438 189 484 ab
210 437 325 485 Jove
351 435 555 498 quodam
585 435 663 482 die
691 441 820 497 rapta
838 472 848 490 ,
881 436 926 481 in
958 435 1175 492 Maenalo,
1207 443 1365 482 monte
1386 435 1619 491 Arcadiae,

128 534 155 567 a
181 521 271 568 deo
291 533 560 581 compressa
585 518 671 564 fuit
691 535 703 577 ;
727 518 901 566 deinde
922 533 1025 565 eam
1050 520 1195 566 Locro
1215 519 1395 580 Jupiter
1424 532 1620 565 uxorem

129 603 285 659 dedit,
310 617 370 649 ne
391 601 545 660 filius,
569 616 708 663 quem
732 602 778 647 in
803 608 936 649 utero
959 602 1203 663 gestabat,
1228 602 1316 663 ipsi
1340 601 1621 648 attribuere·

97 723 100 726 ,
129 693 219 732 tur.
250 686 422 733 Locrus
450 699 592 742 vero,
619 685 786 747 prioris
810 683 1009 747 Opuntis
1037 684 1310 732 memoriam
1334 691 1616 741 veneratus,

125 769 355 832 Opuntem
385 783 581 831 puerum
611 769 803 816 vocavit
830 767 908 831 (2).
949 769 1063 815 Inde
1097 768 1295 830 Opuntis
1334 782 1503 814 nomeu
1532 768 1619 814 Lo-

125 867 308 901 crorum
338 854 442 899 urbi
472 852 742 914 impositum
770 859 872 911 est3
900 852 1012 899 inde
1038 852 1179 898 etiam
1209 851 1438 898 Pindarus
1460 850 1618 912 Opun-

125 944 217 985 tem
247 937 409 984 urbem
448 936 742 997 Protogeniae
772 936 1010 998 appellat,
1050 949 1142 982 non
1180 935 1477 981 Deucalionis
1508 934 1618 996 Pyr·

125 1020 318 1082 rhaeque
361 1019 503 1067 filiam
524 1055 537 1078 ,
584 1020 667 1066 sed
714 1020 907 1066 alteram
953 1018 1279 1080 Protogeniam
1301 1055 1312 1075 ,
1361 1033 1421 1064 ex
1463 1018 1618 1079 priore

122 1104 308 1167 Opunte
335 1109 516 1162 natam,
549 1103 824 1150 recordatus
852 1101 942 1165 (3).

187 1186 417 1242 Quorsum
441 1187 584 1247 igitur
601 1186 733 1233 haec‘?
746 1187 922 1248 Nempe
947 1194 1230 1248 utappareat
1253 1185 1616 1246 insignisOpun-

125 1271 291 1318 tiorum
321 1270 455 1330 origo
481 1279 528 1316 et
554 1270 852 1317 manifestum
881 1270 942 1316 sit
967 1268 1301 1317 Deucalionem
1322 1306 1333 1325 ‚
1362 1269 1611 1331 Pyrrham,

122 1354 364 1402 Hellenem
384 1389 395 1411 ,
427 1354 622 1400 Locrum
643 1389 655 1410 ,
689 1353 923 1415 Opuntem
945 1389 956 1411 ,
993 1360 1060 1400 tot
1088 1351 1500 1413 tamque'illustria
1530 1367 1614 1399 no-

123 1437 247 1483 mina
276 1450 369 1483 non
398 1436 456 1482 ad
484 1435 795 1498 Opuntiorum
824 1437 965 1484 modo
997 1436 1079 1483 sed
1107 1436 1167 1482 ad
1195 1437 1403 1483 omnium
1431 1436 1614 1484 Graeco-

121 1535 223 1567 rum
253 1519 497 1577 historiam
536 1520 849 1582 pertinentia,
885 1520 934 1568 in
975 1520 1146 1580 exigua
1180 1520 1257 1566 illa
1292 1520 1484 1580 regione
1519 1521 1614 1582 pri-

120 1617 247 1650 mum
277 1602 572 1650 inclaruisse.

183 1686 354 1733 Verum
392 1685 501 1732 aliae
528 1700 717 1747 quoque
753 1686 923 1732 fabulae
962 1693 1242 1744 occurrunt,
1282 1687 1454 1747 quibus
1490 1687 1613 1734 illius

119 1769 271 1830 gentis
317 1776 610 1816 exornantur
647 1770 797 1816 initia.
837 1769 1031 1831 Opuntii
1060 1770 1183 1815 enim
1223 1777 1268 1817 et
1303 1770 1614 1832 Epicnemidii

119 1852 331 1899 Herculis
371 1852 550 1914 proeliis
590 1853 860 1899 interfuisse
895 1867 946 1899 se
983 1853 1196 1911 aiebant,
1234 1869 1328 1915 quo
1367 1861 1611 1915 tempore,

118 1935 444 1998 Peloponneso
468 1936 648 1990 relicta,
680 1936 819 1983 heros
848 1937 895 1982 in
923 1936 1138 1982 AEtoliam
1169 1937 1226 1982 ad
1255 1936 1537 1999 Calydonios
1563 1951 1614 1984 se

119 2026 389 2080 receperat,
420 2019 579 2080 ibique
609 2034 805 2066 uxorem
843 2011 1342 2067 Deianiram'duxerat
1371 2020 1462 2084 (4).
1499 2021 1612 2067 Tum

94 2092 260 2165 *paulo
288 2109 393 2165 post
416 2117 522 2148 eum
551 2117 657 2149 cum
685 2103 1115 2165 Epicnemidiorum
1148 2104 1359 2151 exercitu
1380 2105 1613 2153 adversus

119 2198 280 2245 regem
301 2184 527 2248 Eurytum
549 2186 803 2233 bellantem
822 2186 1071 2246 videmus,
1093 2195 1235 2248 atque
1255 2189 1419 2235 urbem
1440 2189 1614 2236 OEcha-

119 2267 226 2314 liam
258 2276 608 2330 expugnantem
642 2267 733 2332 (5).
769 2269 881 2316 Cum
916 2277 1072 2317 autem
1102 2272 1441 2332 aggrederetur
1468 2287 1613 2334 equas

159 2465 206 2508 (l)
224 2465 342 2499 Schol.
370 2465 491 2507 Pind.,
514 2467 578 2506 Ol.,
603 2467 667 2507 IX,
687 2467 739 2500 86.

161 2524 206 2567 (2)
225 2524 343 2563 Pind.,
367 2526 432 2564 Ol..
457 2526 525 2565 IX,
544 2526 597 2560 96.

158 2584 204 2627 (3)
228 2584 295 2624 Id.,
312 2585 409 2626 ibid„
428 2585 542 2618 63-64.

159 2642 207 2685 (4)
227 2642 332 2676 Diod.
352 2643 437 2682 Sic„
458 2643 520 2680 IV,
540 2644 593 2683 34,
620 2645 648 2682 t;
670 2646 848 2687 Apollod.,
871 2646 919 2686 II,
936 2646 968 2688 7,
986 2647 1016 2678 5.

165 2702 208 2743 (5)
231 2702 412 2744 Apollod„
434 2703 481 2742 11,
501 2703 534 2740 7,
553 2704 584 2736 7.
