1916 3198
609 254 662 283 οε
690 253 831 283 uenis
859 252 1148 283 opunrronuu.
1580 237 1631 278 57

139 336 317 383 ludicra
343 334 702 382 celebrabantur
720 330 822 395 (l),
849 338 991 394 atque
1015 332 1062 378 in
1087 331 1266 394 proeliis
1298 329 1493 393 Opuntii
1516 326 1628 389 Aja-

137 433 236 466 cem
280 417 562 466 invocabant
598 414 691 479 (2).
729 415 843 462 Tum
889 415 1148 462 credebant
1192 429 1300 462 eum
1350 412 1628 461 mortalibus

135 501 384 563 aliquoties
410 514 639 563 apparere
669 514 724 546 ac
760 499 1039 546 vulneribus
1080 498 1256 546 mederi
1291 495 1383 560 (3).
1423 496 1623 551 Quidam

133 591 288 631 autem
316 582 597 646 posteriores
617 582 932 645 Opuntiorum
962 582 1142 628 nummi
1168 580 1324 641 Ajacis
1351 578 1508 640 effigie
1528 578 1626 639 sig·

133 667 230 714 nati
264 666 437 728 reperti
461 674 571 714 sunt
601 665 695 728 (4).

197 750 253 796 Hi
279 750 528 797 Locrorum
557 757 691 796 erant
717 749 871 798 cultus
900 748 1054 811 patrii.
1086 747 1123 794 E
1155 747 1286 794 festis
1314 760 1429 794 vero
1456 745 1625 792 diebus

132 832 312 879 nullum
340 846 484 894 prope
511 831 756 890 novimus,
784 838 891 888 aut,
918 832 957 878 si
981 845 1121 892 quem
1146 830 1503 890 cognoscimus,
1529 842 1625 889 quo

130 915 271 963 modo
295 915 580 977 quandoque
604 915 949 971 celebraretur,
982 914 1234 962 nescimus,
1265 913 1438 960 Praeter
1465 919 1621 958 tamen

55 995 57 997 ’
128 998 338 1046 Herculis
362 1013 493 1045 sacra
521 1012 653 1060 quae,
687 1006 736 1044 ut
771 998 815 1044 in
850 998 1020 1044 ceteris
1057 997 1359 1054 civitatibus,
1404 994 1624 1059 Ἡράκλεια

129 1081 426 1135 dicebantur,
467 1088 625 1136 erant,
664 1096 771 1143 quae
802 1082 942 1128 modo
978 1082 1374 1138 memoravimus,
1408 1081 1618 1128 Αἰάντεια.

55 1179 59 1182 ·
126 1165 216 1212 Sed
241 1179 335 1227 quo
359 1171 568 1227 tempore
590 1164 779 1221 fierent,
804 1165 976 1226 quibus
999 1164 1285 1211 caerimoniis
1310 1170 1620 1221 ornarentur,

127 1250 415 1309 ignoramus.
453 1247 512 1294 At
551 1246 766 1310 Ἡράκλεια
792 1248 1046 1309 quotannis
1072 1248 1464 1306 celebrabantur-3
1506 1246 1621 1294 nibil

129 1346 243 1379 vero
263 1338 458 1378 testatur
474 1331 667 1377 Αίοίντεια
691 1345 1051 1393 quoqueanuua
1067 1331 1228 1378 fuisse.
1250 1331 1313 1377 De
1328 1331 1501 1391 quibus
1529 1330 1622 1377 hoo

130 1421 306 1462 tantum
335 1429 360 1460 a
387 1414 549 1460 Tzetze
575 1415 915 1476 comperimus,
949 1428 1116 1460 navem
1145 1413 1346 1470 scilicet,
1378 1413 1424 1458 in
1451 1412 1613 1473 AJacis

129 1498 358 1558 naufragii
388 1498 687 1555 memoriam,
721 1505 816 1544 tum
848 1497 1031 1544 incendi
1059 1497 1243 1544 solitam
1271 1510 1375 1542 esse
1402 1494 1493 1558 (ὃ).
1522 1495 1614 1541 Fu—

126 1581 288 1628 nebria
316 1595 511 1642 nempe,
545 1589 593 1627 ut
620 1581 832 1639 videtur,
867 1582 983 1628 festa
1011 1564 1145 1627 erant
1177 1588 1223 1627 ct
1258 1579 1429 1641 publici
1455 1580 1609 1626 luctus

123 1665 326 1726 speciem
355 1664 648 1711 exhibentia.

187 1747 360 1794 Praeter
395 1754 551 1794 autem
591 1748 693 1794 illas
730 1748 1051 1804 caerimonias,
1093 1762 1290 1809 quarum
1329 1748 1475 1794 altera
1511 1762 1615 1794 cum

120 1831 427 1893 Opuntiorum
459 1831 651 1879 historia
680 1832 940 1878 arctissime
966 1839 1066 1878 erat
1091 1833 1364 1892 conjuncta,
1391 1832 1438 1877 in
1466 1831 1616 1879 hono·

122 1928 217 1961 rem
255 1913 419 1960 Bacchi
457 1915 557 1960 festi
599 1915 791 1976 quidam
828 1915 930 1961 dies
965 1915 1150 1976 Opunte
1185 1915 1478 1975 agebantur3
1509 1929 1616 1975 quac

121 1999 325 2042 Διονύσεια
366 2006 499 2043 erant
534 1998 785 2060 appellata.
819 1998 870 2044 Id
896 1999 1073 2049 saltem
1114 2013 1174 2046 ex
1218 1998 1351 2045 titulo
1391 1998 1615 2045 discimus

39 2076 50 2083 ⁴'
83 2103 88 2108 ·
122 2094 266 2142 prope
302 2081 504 2127 Atalanti
546 2082 783 2142 quondam
829 2082 1052 2140 invent03
1105 2096 1199 2143 quo
1235 2082 1404 2128 citatur
1442 2082 1614 2129 Gnaeus

119 2163 310 2224 quidam
361 2163 639 2226 Calpurnius
686 2165 850 2222 Helix,
900 2166 979 2227 qui
1032 2165 1316 2227 agonotheta
1366 2166 1517 2213 fuerat
1566 2167 1613 2212 in

36 2227 42 2255 *
117 2247 354 2299 Διονυσείοις
379 2254 646 2310 τριετηρικοῖς
672 2262 780 2309 quae
805 2248 991 2310 Opunte
1017 2249 1380 2296 celebrabantur
1405 2247 1499 2311 (6).

159 2449 204 2492 (l)
225 2449 342 2484 Schol.
363 2450 480 2488 Pind..
504 2452 571 2492 Ol..
590 2451 655 2490 IX,
679 2451 747 2486 166.

82 2510 85 2514 “
158 2508 206 2550 (2)
223 2508 386 2551 Pausan..
411 2510 477 2551 111,
500 2511 550 2551 19,
576 2510 622 2544 12.
641 2511 695 2545 cf.
711 2511 818 2549 plut„
841 2513 979 2551 conon,
1000 2513 1047 2547 18.

158 2566 203 2608 (3)
226 2567 297 2607 1d.,
320 2568 393 2607 ΙΙΙ,
416 2569 463 2608 19,
485 2569 596 2604 12-13.

160 2624 205 2666 (4)
222 2625 371 2660 Huseum
393 2628 553 2670 rheupoli
572 2634 644 2663 am.
666 2630 841 2672 numism„
864 2631 911 2671 11,
932 2641 965 2674 p.
990 2631 1080 2665 1285.

160 2684 204 2726 (5)
221 2683 349 2724 Tzetz„
374 2688 548 2730 Lycophr„
570 2688 642 2722 365.

159 2743 203 2786 (6)
223 2742 480 2787 Wachsmuth,
502 2748 639 2790 αἱπερὶ.
663 2751 721 2782 cit.
