1916 3198
778 164 831 193 nn
859 163 1052 194 munus.
1585 154 1636 194 97

50 220 63 240 L
141 245 251 293 Iure
279 244 405 292 enim
440 250 601 292 censet
643 243 927 291 Lenormant
972 248 1202 305 myrteam
1248 257 1471 292 coronam
1522 258 1634 306 quae

61 354 63 359 ·
135 328 328 389 juvenis
368 334 508 390 caput
543 326 819 389 plerumque
861 325 1082 383 decorat,
1125 325 1450 389 Ganymedem
1505 327 1633 374 indi-

141 425 266 459 care.
296 411 431 466 Quod
458 424 574 459 vero
615 410 675 456 ad
716 409 889 470 gallum
918 410 1104 466 attinet,
1132 409 1396 472 Ganymedi
1420 424 1549 472 saepe
1574 410 1634 457 ab

53 519 76 559 ss
140 494 345 556 antiquis
371 492 632 540 artificibus
657 493 953 553 assignatum
976 492 1061 539 sed
1085 493 1342 540 denunciat
1362 508 1555 555 quoque
1577 493 1634 539 il-

68 559 79 619 {T
142 576 212 625 los
269 590 453 624 amores
511 576 683 638 quibus
734 575 881 622 Graeci
926 575 1172 637 indulgere
1208 576 1442 624 solebant.
1491 576 1634 622 Eam-

54 638 74 721 ἶ
141 660 248 707 dem
273 666 428 707 autem
454 657 844 720 significationem
866 658 999 721 lepus
1026 659 1073 705 in
1094 659 1251 706 tabula
1278 666 1435 707 nostra
1458 658 1639 721 figura-

56 725 69 767 *3
144 749 218 789 tus
243 739 320 805 (⁴)
343 742 447 789 sine
471 741 617 788 dubio
644 741 790 790 habet
810 739 906 804 (2).
1592 804 1597 806 ἡ

59 820 65 877 j
206 824 314 872 Haec
356 824 417 871 de
453 823 632 870 artibus
669 823 795 885 apud
830 822 1062 886 Opuntios
1099 823 1334 872 disserere
1371 825 1632 873 voluimus.

142 906 178 952 E
203 907 374 968 quibus
402 920 516 953 sane
545 912 739 968 apparet
773 906 900 952 iilam
938 913 1128 967 gentem
1165 921 1406 969 nunquam
1444 909 1635 970 egregie

143 996 267 1037 artes
304 989 535 1047 coluisse,
564 988 674 1046 sed,
704 1003 811 1035 cum
839 989 1062 1037 bellicoso
1098 997 1225 1037 esset
1249 991 1409 1038 animo
1443 998 1637 1053 totaque

63 1107 89 1134 ἐ,
142 1071 202 1118 ad
228 1072 392 1134 proelia
417 1071 711 1133 agrestisque
738 1071 850 1119 vitae
887 1071 1073 1119 labores
1094 1086 1326 1121 conversa
1343 1109 1355 1131 ,
1385 1075 1446 1120 ab
1474 1075 1636 1136 aliqua

62 1142 84 1195 j:
143 1161 298 1202 tamen
324 1154 624 1216 pulchrarum
642 1169 799 1203 rerum
821 1169 982 1203 amore
1001 1162 1144 1218 atque
1162 1157 1483 1206 admiratione
1510 1158 1639 1205 haud

75 1235 89 1271 ’ἶ
143 1237 470 1288 abhorruisse.

182 1407 228 1451 (1)
242 1407 297 1442 Cf.
314 1409 514 1452 catalogum
532 1409 687 1452 sylloges
706 1408 953 1448 Bammeville,
975 1420 1010 1444 n.
1035 1410 1106 1444 150.

182 1467 230 1510 (2)
247 1466 292 1501 V.
312 1467 370 1503 Fr.
390 1468 612 1510 Lenormant,
627 1469 869 1512 Honoqraphie
879 1470 920 1502 de
936 1469 971 1502 la
989 1471 1064 1503 voie
1078 1470 1192 1503 saci-de
1208 1469 1457 1511 eleusiniorum,
1479 1473 1505 1511 Ι,
1526 1482 1560 1515 p.
1579 1472 1641 1506 348

98 1519 99 1523 ¹
142 1536 217 1570 sqq.
251 1546 290 1553 —
315 1528 409 1569 Quid
434 1529 608 1570 significet
634 1529 728 1570 lyra,
765 1539 890 1571 parum
919 1530 1042 1572 liquet.
1074 1529 1206 1563 Forsan
1233 1529 1450 1564 Mercurium
1479 1532 1638 1571 indicat,

142 1587 233 1630 lyrae
250 1588 484 1622 inventorem.
503 1587 548 1621 V.
569 1588 736 1629 Pausan„
757 1587 802 1629 V,
824 1589 875 1627 14.
897 1589 916 1622 8
933 1600 942 1629 3
963 1588 1064 1627 vm,
1090 1589 1141 1629 17,
1162 1590 1193 1623 5.
1214 1588 1283 1623 Sed
1302 1591 1558 1625 crediderimus
1574 1602 1641 1634 po-

140 1646 213 1680 tius
240 1657 318 1681 eam
341 1648 386 1680 ad
408 1647 632 1690 quotidianos
656 1649 872 1692 epheborum
905 1658 991 1682 usus
1021 1659 1100 1683 esse
1126 1650 1359 1684 referendam.
1389 1649 1492 1685 Unde
1518 1661 1641 1685 omnes

139 1705 220 1739 illas
238 1706 379 1749 figuras,
397 1707 474 1741 sive
491 1707 625 1750 gallum
638 1710 777 1749 gerunt,
801 1708 876 1742 sive
895 1709 1064 1750 leporem,
1085 1708 1162 1743 sive
1178 1709 1296 1751 lyram
1308 1734 1316 1748 ,
1340 1710 1433 1743 inter
1452 1710 1642 1743 amatorias

99 1763 103 1771 ”
139 1765 312 1810 imagines
327 1768 459 1811 pariter
473 1769 556 1802 suut
574 1768 814 1802 numerandae.
