1916 3198
913 838 1096 886 CAPUT
1130 838 1205 886 111.

591 1039 649 1072 DE
681 1038 974 1085 ALPHABETO,
1010 1038 1178 1072 LINGUA
1213 1039 1267 1071 ET
1301 1037 1526 1071 LITTERIS.

377 1210 516 1273 Apud
539 1210 758 1272 antiquos
784 1210 1036 1272 scriptores
1063 1209 1399 1271 inquirendum
1429 1215 1502 1256 est
1532 1223 1592 1256 an
1617 1208 1812 1271 Opuntii

313 1295 552 1357 proprium
579 1294 818 1355 quoddam
847 1294 1106 1340 litterarum
1137 1307 1292 1354 genus
1325 1293 1596 1340 habuerint.
1626 1292 1718 1339 Sed
1752 1292 1812 1339 de

311 1377 562 1440 alphabeto
588 1377 790 1439 primum
817 1383 959 1437 atque
986 1376 1146 1437 lingua
1174 1389 1326 1438 pauca
1354 1375 1554 1422 dicenda
1582 1381 1710 1422 sunt.

376 1461 411 1507 Ι.
453 1488 514 1496 -
559 1459 630 1507 Ex
674 1460 1015 1522 antiquissimis
1059 1460 1206 1506 titulis
1251 1459 1298 1505 in
1341 1458 1656 1521 Opuntiorum
1700 1472 1814 1519 agro

311 1544 510 1607 repertis
557 1551 639 1591 aut
686 1544 746 1590 ab
783 1543 1000 1606 Opuntiis
1044 1543 1292 1590 manifesto
1335 1543 1613 1605 conscriptis
1652 1542 1814 1605 alpha-

312 1628 473 1675 betum
496 1626 587 1673 inis
607 1627 722 1674 locis
745 1627 967 1673 usitatum
997 1627 1237 1688 integrum
1264 1626 1514 1673 restituere
1541 1639 1810 1688 possumus.

311 1710 463 1773 Opera
484 1717 641 1758 autem
665 1711 712 1757 in
734 1711 906 1773 quibus
930 1710 997 1756 illi
1021 1710 1143 1757 tituli
1169 1711 1360 1757 fuerunt
1383 1710 1515 1769 editi,
1542 1709 1643 1757 haec
1665 1715 1775 1756 sunt
1799 1726 1809 1756 :

378 1791 685 1858 Οἰκονομίδης,
744 1792 970 1840 Ἐποίκια
1013 1801 1205 1857 Λοκρῶν
1259 1795 1558 1857 γράμματα,
1615 1799 1706 1841 etc.
1751 1819 1814 1828 ·-·

314 1880 447 1925 Patto
471 1879 685 1925 colonario
710 1877 775 1924 de'
800 1879 946 1934 Locri,
975 1876 1174 1924 Athenis
1190 1912 1202 1935 ‚
1236 1877 1392 1936 48693

380 1961 570 2008 Bulletin
601 1961 652 2008 de
684 1961 1042 2022 correspondance
1077 1961 1338 2021 lienemque,
1369 1961 1434 2024 ΙΙ,
1466 1977 1512 2024 p.
1552 1961 1674 2021 588,
1715 1961 1810 2007 tab.

312 2045 483 2104 XXVI,
514 2060 563 2092 n.
597 2043 765 2102 4,18,
793 2043 884 2102 20,
914 2042 1108 2106 26,27.
1142 2044 1198 2091 V.
1231 2058 1401 2106 supra,
1430 2059 1476 2106 p.
1508 2042 1595 2104 44,
1625 2042 1715 2103 453
1751 2044 1812 2091 of.

316 2129 463 2186 infra,
493 2142 598 2189 cap.
630 2127 705 2174 lv.

379 2212 444 2258 De
470 2211 665 2273 opuntio
693 2225 806 2257 vero
833 2210 1086 2272 alphabeto
1105 2246 1116 2267 ,
1148 2210 1262 2258 vide
1296 2228 1305 2256 z

379 2293 649 2350 Kirchhoff‚
681 2293 859 2340 Studien
899 2308 981 2339 zur
1015 2293 1266 2340 Gesclzichte
1311 2293 1383 2340 des
1413 2294 1706 2355 qriechisclien
1739 2293 1815 2340 Al-

308 2377 517 2439 phabets,
552 2376 695 2435 1877,
727 2391 773 2439 p.
805 2376 921 2433 136,
956 2376 1073 2435 137,
1107 2377 1203 2423 tab.
1235 2377 1296 2434 11,
1328 2391 1376 2424 n.
1408 2377 1445 2422 V
1471 2391 1526 2434 ος

381 2459 454 2505 Fr.
485 2458 647 2517 Allen,
677 2459 742 2504 De
771 2457 951 2505 dialecto
978 2457 1283 2517 Locrensium,
1314 2458 1359 2504 in
1387 2458 1565 2505 Studien
1590 2474 1673 2506 zur
1699 2462 1815 2520 qrie-

313 2543 507 2589 chischen
551 2542 641 2588 und
675 2542 955 2589 lateinischen
997 2542 1295 2602 Grammatilc,
1342 2541 1419 2589 ed.
1450 2556 1477 2588 a
1517 2542 1572 2589 G.
1601 2542 1812 2602 Curtius,

316 2625 397 2684 ιιι,
429 2640 476 2688 p.
506 2623 721 2672 2⁴5-248
748 2622 840 2687 (ι).

361 2778 406 2819 (t)
423 2776 476 2810 Gt.
497 2777 540 2810 (i.
565 2776 698 2818 Koerte,
721 2776 830 2810 muh-
851 2777 885 2809 d.
906 2777 939 2809 d.
962 2777 1054 2810 arch.
1077 2777 1158 2811 hue.
1180 2778 1221 2810 in
1245 2776 1366 2818 Athen,
1387 2776 1449 2818 IV,
1471 2787 1507 2820 p.
1526 2777 1600 2820 271,
1621 2787 1656 2812 n.
1681 2778 1709 2812 ¹.
