1916 3198
609 241 661 270 nn
689 240 822 270 nunus
851 240 1142 271 optm‘nonuu.
1577 229 1626 269 23

129 320 269 368 sociis
305 321 431 378 suis,
460 318 724 367 Phocenses
768 333 884 367 vero
926 334 952 366 a
988 321 1359 369 Lacedaemoniis
1394 322 1622 369 auxilium

131 404 366 466 petierunt
414 403 493 465 (1).
540 402 654 448 Tum
698 402 1027 451 Thebanorum
1087 405 1325 452 exercitus
1373 405 1623 453 Phocidem

130 493 309 544 vastat,
346 487 458 533 dum
502 485 766 534 Phocenses
803 487 1056 535 Locrorum
1097 488 1320 535 infestant
1362 490 1621 550 regionem.

130 570 238 618 Mox
271 576 318 616 et
343 569 665 618 Athenienses
692 572 1067 634 superveniunt,
1096 572 1178 619 sed
1211 586 1236 618 a
1261 573 1629 620 Lacedaemoniis

128 660 294 715 gentes
325 654 569 702 foederatae
596 654 656 701 ad
684 654 958 702 Corinthum
987 657 1241 703 vincuntur
1265 655 1354 719 (2).
1381 656 1628 718 Agesilaus

129 737 330 795 interea,
361 751 423 784 ex
454 738 564 785 Asia
595 738 775 786 Minore
808 739 966 787 subito
999 747 1271 797 revocatus,
1300 755 1405 786 cum
1433 755 1459 787 e
1495 756 1626 788 mon-

129 820 252 868 tibus
282 820 535 868 Thessaliae
571 822 907 881 descenderet,
938 822 1272 870 Thebanorum
1310 833 1451 885 atque
1482 823 1624 871 Athe-

128 903 380 963 niensium,
404 903 772 964 Corinthiorum,
797 904 1078 967 Argeorum,
1105 907 1371 963 AEnianum,
1398 907 1627 955 Euboeen-

125 987 276 1044 sium,
318 986 661 1050 Opuntiorum,
703 988 950 1036 Ozolarum
1002 990 1162 1052 copias
1200 991 1411 1037 offendit
1456 989 1622 1054 (394),

126 1083 377 1132 pugnaque
403 1071 463 1118 ad
487 1070 742 1119 Coroneam
770 1074 1044 1131 commissa,
1069 1073 1371 1132 vulneratus,
1399 1075 1625 1122 militibus

127 1153 253 1201 haud
290 1155 453 1217 paucis
491 1156 893 1214 amissis‚‘victor
932 1157 1151 1220 tandem,
1190 1157 1272 1204 sed
1311 1172 1415 1204 cum
1456 1172 1626 1219 magno

126 1237 364 1285 exercitus
392 1238 565 1286 damno
587 1274 598 1296 ,
631 1239 792 1286 evadit
819 1239 900 1301 (3).

192 1320 390 1377 Deinde,
422 1328 527 1383 post
548 1322 725 1368 editum
754 1323 812 1369 ad
832 1323 1025 1370 Leuctra
1052 1324 1267 1386 proelium
1296 1325 1442 1387 (370),
1465 1324 1624 1387 Opun-

127 1403 216 1451 tios
260 1411 422 1452 contra
459 1405 840 1453 Lacedaemonios
886 1421 991 1452 cum
1031 1406 1265 1454 Thebanis
1307 1409 1473 1454 iterum
1514 1423 1624 1455 con-

122 1487 312 1548 junctos
343 1488 560 1535 videmus
585 1487 684 1552 (4>;
709 1490 881 1550 quibus
908 1505 958 1536 se
985 1490 1250 1536 Phocenses
1276 1491 1457 1538 addunt
1483 1500 1625 1552 atque

125 1571 282 1618 AEtoli.
321 1571 496 1618 Eodem
539 1579 696 1619 autem
738 1587 889 1631 anno,
925 1573 1354 1635 Epicnemidiorum
1399 1576 1528 1635 regio
1565 1576 1624 1621 ab

124 1653 307 1711 Iasone,
327 1654 628 1702 Pheraeorum
646 1662 863 1718 tyranno,
880 1664 1109 1714 vastatur,
1126 1671 1151 1703 a
1174 1673 1267 1718 quo
1287 1658 1426 1704 etiam
1443 1659 1626 1720 capitur

63 1764 88 1776 -·
124 1736 477 1785 Trachiniorum
531 1739 757 1800 oppidum
800 1740 1022 1786 Heraclea
1066 1740 1157 1803 (5).
1198 1741 1290 1787 Nec
1333 1742 1479 1788 multo
1522 1749 1625 1803 post

124 1820 295 1868 Locros
354 1822 626 1869 invenimus
684 1823 1022 1884 Epaminondae
1086 1823 1418 1885 Pelopidaeque
1478 1825 1622 1871 ductu

127 1903 404 1963 militantes,
433 1919 538 1951 cum
575 1905 619 1951 hi
656 1906 1040 1953 Lacedaemonios
1072 1906 1190 1952 intra
1232 1907 1378 1968 ipsius
1407 1908 1620 1954 Laconiae

125 1984 242 2034 fines
275 1987 511 2035 lacessunt
544 1989 635 2049 (6).
666 1989 791 2044 Quas
829 2004 942 2036 vero
971 1996 1126 2051 partes
1160 2005 1310 2051 usque
1344 1991 1401 2037 ad
1440 1982 1620 2037 exitum

87 2068 236 2118 .belli
274 2069 463 2132 Opuntii
510 2072 772 2128 tenuerint,
817 2072 1053 2119 nescimus
1097 2089 1106 2117 z
1151 2072 1342 2119 difficile
1383 2080 1454 2119 est
1495 2073 1620 2119 enim

165 2276 210 2318 (1)
234 2275 340 2316 Xen.‚
364 2277 505 2317 Hellen„
528 2277 591 2317 ΙΙΙ,
616 2278 646 2312 5.
669 2277 699 2309 3.

168 2334 282 2377 (2)1d.
303 2335 401 2374 ibid„
422 2335 485 2374 IV,
506 2336 538 2376 2,
563 2336 610 2369 17.

165 2393 209 2435 (3)
231 2393 296 2431 ld..
318 2396 429 2436 Ayes„
454 2394 498 2435 11,
519 2395 613 2428 6-17.

169 2452 212 2495 (4)
242 2452 340 2486 Diod.
361 2453 446 2494 Sic.,
468 2453 551 2492 XV,
571 2454 622 2492 57,
648 2455 674 2486 l.
698 2454 874 2486 Diodorus
894 2457 1002 2487 verbo
1021 2456 1161 2499 Λοκροί,
1184 2464 1254 2487 non
1280 2455 1485 2494 Ὀπούντιοι,
1504 2455 1539 2487 in
1554 2456 1620 2488 hoc

87 2519 90 2523 “
125 2512 202 2545 loco
223 2514 344 2552 utitur,
365 2514 426 2546 sed
447 2515 642 2547 verisimile
662 2517 713 2546 est
732 2515 791 2546 tali
811 2515 954 2546 nomine
981 2524 1061 2546 eum
1088 2515 1290 2556 designasse
1317 2514 1493 2556 Opuntios
1513 2516 1620 2547 simul

125 2574 229 2614 atque
258 2572 402 2613 Ozolas,
434 2575 516 2616 qui,
540 2575 708 2615 quamdiu
731 2584 811 2607 cum
842 2574 1121 2607 Lacedaemoniis
1147 2574 1304 2607 Thebani
1328 2574 1618 2614 decertaverunt,

125 2629 369 2666 Thebanorum
388 2637 503 2676 partes
523 2643 702 2676 nunquam
720 2634 964 2667 deseruerunt.

167 2690 214 2732 (5)
233 2691 299 2731 1d.,
320 2691 399 2731 XV,
421 2692 473 2730 57,
493 2692 524 2725 2.

169 2749 218 2792 (6)
239 2750 304 2790 ld„
326 2750 408 2792 XV,
429 2751 482 2789 62,
500 2752 530 2784 4.
