1916 3198
0 2380 9 2830 *„31—;*⁷—-—2w-===—--
4 2345 7 2372 —

623 235 675 263 m:
702 234 836 262 nunus
863 232 1152 262 opnuwxonuu.
1589 218 1631 260 11

144 330 227 363 sau
254 322 301 362 et
325 313 619 377 Epizephyrii
645 312 955 375 Opuntiorum
984 312 1138 360 coloni
1175 311 1494 368 habebantur,
1523 309 1634 372 quia

11 455 13 468 A
80 434 82 437 v
143 399 334 462 Opuntii
361 398 621 445 arctissime
646 412 752 444 cum
777 397 931 445 Ozolis
955 404 1089 444 erant
1109 397 1377 458 conjuncti,
1405 396 1486 457 qui
1512 396 1636 443 colo-

146 483 267 530 niam
294 481 710 544 Epizephyriorum
746 481 1059 528 condiderant
1094 479 1186 544 (l).
1226 481 1295 527 llli
1330 495 1469 539 vero,
1510 480 1633 527 circa

142 565 420 628 Zephyrium
458 564 828 627 promontorium
866 565 1046 626 sparsi,
1089 564 1199 610 inde
1235 578 1499 624 cognomen
1541 563 1633 610 sibi

143 662 396 712 paravere;
420 648 499 694 alii
523 662 584 695 ex
605 648 842 695 littoribus
859 648 1066 710 zephyro
1082 647 1312 709 expositis
1332 648 1395 694 ita
1417 646 1634 694 denomi-

142 737 275 779 natos
311 731 454 778 fuisse
487 730 619 777 aiunt
657 729 748 794 (2).
791 730 998 786 Quorum
1040 745 1154 792 opes
1191 736 1334 791 atque
1378 729 1631 791 potentiam

142 829 281 863 nemo
306 821 377 862 est
401 814 480 876 qui
506 814 719 876 ignoret,
752 828 839 862 uec
868 815 1036 861 famam
1062 814 1187 860 illius
1213 814 1417 871 Zaleuci,
1442 827 1538 875 quo
1563 813 1633 860 le·

141 899 402 960 gumlatore
423 899 495 945 usi
518 906 655 955 sunt,
681 899 858 960 quique
878 899 1075 961 scriptas
1101 898 1228 958 leges
1255 898 1433 959 primus
1458 897 1629 944 edidit.

186 982 260 1029 -Et
285 982 375 1029 illis
402 982 690 1045 temporibus
727 982 805 1028 alii
842 997 1033 1044 quoque
1069 982 1223 1029 coloni
1261 982 1495 1043 Opuntem
1525 981 1635 1028 reli-

141 1072 362 1127 querunt.
391 1065 492 1121 Qua
524 1066 648 1113 enim
680 1073 818 1113 aetate
853 1066 1020 1113 Strabo
1054 1065 1282 1112 Graeciam
1319 1065 1630 1127 peragrabat,

141 1149 330 1211 Opuntii
356 1149 536 1197 Elidem
565 1150 834 1197 incolebant
858 1149 937 1212 (3).
975 1149 1024 1196 ln
1054 1149 1185 1197 Elide
1211 1156 1369 1196 autem
1404 1149 1633 1196 minorem

145 1232 469 1294 Protogeniam
497 1233 558 1280 ab
583 1233 699 1280 Jove
725 1239 905 1295 raptam
939 1248 1044 1280 esse
1074 1247 1215 1295 supra
1244 1233 1472 1280 diximus.
1515 1231 1636 1287 Quae

143 1315 298 1363 fabula
316 1351 328 1374 ,
356 1330 461 1362 cum
488 1315 730 1364 Strabonis
754 1316 890 1362 dictis
917 1317 1084 1363 collata
1104 1354 1114 1372 ‚
1146 1316 1304 1363 testari
1334 1316 1524 1362 videtur
1551 1330 1634 1361 an·

144 1399 452 1460 tiquissimam
479 1398 788 1460 Opuntiorum
815 1399 1046 1446 coloniam
1074 1400 1200 1461 apud
1232 1399 1369 1446 Eleos
1396 1399 1631 1447 extitisse.

141 1481 280 1537 Quin,
294 1489 339 1528 et
351 1482 517 1544 Alope,
530 1482 809 1530 Phthiotidis
821 1483 1066 1544 oppidum,
1081 1498 1185 1529 cum
1200 1482 1634 1544 Epicnemidiorum

142 1564 290 1626 Alope
316 1566 548 1612 similibus
577 1566 733 1613 forsan
764 1566 964 1612 vinculis
992 1573 1092 1612 erat
1126 1567 1379 1626 conjuncta
1408 1564 1500 1628 (4).
1542 1566 1636 1613 Nec

141 1662 234 1694 nou
262 1655 307 1694 et
342 1648 388 1694 in
420 1647 529 1695 Asia
566 1649 771 1706 Minore,
801 1655 963 1696 contra
990 1649 1214 1706 Lesbum,
1248 1649 1376 1695 urbis
1400 1648 1631 1695 Cauarum

139 1731 304 1778 Strabo
333 1731 618 1779 mentionem
641 1732 749 1778 facit
772 1739 820 1778 ut
839 1731 953 1794 Cyni
976 1732 1289 1795 Opuntiorum
1314 1733 1514 1780 colouiae
1535 1731 1628 1796 (5).

141 1813 254 1860 Tum
292 1814 497 1876 denique
535 1814 650 1862 Ceos
687 1815 839 1862 insula
877 1815 1108 1877 Opuntios
1147 1816 1338 1863 videtur
1373 1815 1634 1877 antiquitus

144 1897 533 1959 recepisse.'Cum
562 1899 686 1945 enim
712 1899 894 1946 colonia
923 1899 1147 1960 Naupacti
1175 1906 1331 1956 esset,
1364 1914 1450 1946 nec
1488 1900 1635 1946 multo

144 1988 246 2042 post
269 1980 433 2028 Ozolae
468 1982 683 2029 conditos
713 1982 961 2030 informata
996 1980 1096 2045 (6),
1133 1996 1238 2029 cum
1266 1982 1484 2044 Opuntiis
1517 1983 1635 2029 ami-

88 2122 92 2126 *
143 2063 296 2110 citiam
326 2065 517 2111 retinuit
543 2079 682 2126 quam
715 2066 883 2128 persici
910 2066 1020 2112 belli
1050 2074 1260 2127 tempore
1291 2074 1490 2127 utraque
1518 2079 1634 2126 gens

144 2147 282 2193 etiam
310 2147 529 2194 tuebatur
556 2165 566 2192 ε
603 2148 651 2194 in
692 2162 846 2210 pugna
876 2162 1045 2210 nempe
1083 2148 1143 2194 ad
1171 2147 1476 2195 Artemisium
1506 2161 1632 2195 com-

189 2332 232 2375 (l)
253 2331 305 2365 De
316 2328 633 2375 Epizephyriorum
655 2333 791 2376 origine
804 2336 840 2366 et
853 2335 993 2367 Centum
1008 2333 1166 2375 qentibus
1183 2342 1263 2375 quae
1279 2334 1491 2376 optimatum
1511 2343 1636 2376 quem-

144 2391 225 2424 dam
243 2392 403 2426 ordinem
422 2403 442 2425 a
461 2394 636 2436 principio
655 2393 747 2436 apud
768 2394 847 2426 illos
863 2396 1150 2436 composuerunt,
1171 2403 1205 2426 v.
1228 2393 1369 2435 Polyb.‚
1396 2393 1478 2434 XII,
1499 2394 1518 2426 5
1538 2403 1613 2436 sqq.

188 2451 234 2493 (2)
247 2449 373 2490 Sti-ab„
395 2451 460 2493 VI,
482 2452 556 2487 259.

188 2510 233 2553 (3)
251 2510 319 2548 Id..
342 2510 407 2552 IX,
424 2511 497 2545 425.

186 2569 233 2612 (4)
250 2570 317 2612 Id.,
336 2570 400 2611 IX,
421 2570 494 2604 427.

189 2628 235 2670 (5)
252 2628 318 2671 Id„
338 2629 437 2669 XIII,
457 2629 530 2664 615.

187 2687 231 2729 (6)
249 2687 440 2731 Heraclid.,
456 2691 503 2723 De
521 2691 588 2723 reb.
607 2691 715 2733 publ„
736 2691 767 2728 9,
787 2692 814 2732 1,
833 2691 888 2724 ed.
905 2690 1022 2724 Didot.
1038 2690 1091 2724 Cf.
1113 2690 1259 2733 Boeckh,
1277 2693 1312 2726 C.
1331 2693 1360 2726 1.
1376 2693 1429 2733 G„
1450 2693 1497 2732 11,
1510 2703 1545 2736 p.
1560 2693 1634 2733 281,

148 2747 216 2782 col.
238 2747 267 2781 1.
