1916 3198
578 246 629 274 nr.
657 244 789 274 nunus
817 244 1108 274 optma-mmm.
1542 229 1587 271 2¹

98 326 275 389 impetu
310 325 590 382 Thronium,
632 323 806 371 deinde
841 322 992 386 Alope
1028 324 1278 386 capiuntur
1315 322 1408 386 (l).
1445 323 1589 370 Athe-

100 410 288 456 nienses
333 414 492 471 postea
541 407 742 454 insulam
791 406 1072 462 Atalanten,
1117 408 1163 454 in
1212 407 1409 469 opuntio
1449 407 1587 464 sinu,

100 493 344 551 muniunt,
371 506 431 538 ne
453 491 568 552 quid
593 490 722 538 Locri
755 491 802 536 in
826 490 1050 538 Euboeam
1087 491 1198 538 inde
1235 490 1487 537 moliantur
1507 489 1588 552 (2).

98 576 211 622 Tum
240 575 300 622 de
318 574 534 637 Opuntiis
559 574 675 621 nihil
705 588 851 636 prope
877 581 1170 637 compertum
1196 574 1448 630 habemus,
1476 574 1589 629 nisi,

97 672 222 707 anno
256 656 377 714 426,
408 662 550 705 totam
584 657 824 718 regionem
861 657 1055 704 terribili
1086 656 1287 718 quadam
1329 656 1594 702 calamitate

97 746 326 788 vastatam
354 755 458 787 esse
482 757 492 786 ε
520 754 624 787 nam
651 754 756 786 cum
787 741 833 786 in
856 740 1059 787 diversis
1086 739 1200 786 locis
1229 738 1423 785 violenti
1458 745 1595 784 terrae

97 831 251 872 motus
278 823 384 873 facti
421 830 602 880 essent,
630 823 896 870 exundavit
922 822 1081 870 subito
1109 837 1261 878 mare,
1297 821 1595 882 insulamque

97 904 346 953 Atalanten
366 944 376 962 ‚
406 919 513 966 quae
546 911 709 961 antea,
737 913 929 953 auctore
955 906 1187 962 Diodoro,
1219 904 1594 967 promontorium

96 994 212 1045 erat,
238 1002 264 1035 a
290 988 445 1035 littore
459 988 699 1050 separavit
722 986 815 1052 (3).
838 988 1107 1036 Secundum
1123 995 1279 1035 autem
1303 988 1592 1034 Demetrium

83 1055 430 1133 -Callatianum‚
457 1070 702 1128 Atalante,
738 1086 843 1118 cum
879 1073 975 1132 Jam
1016 1072 1169 1118 insula
1205 1079 1356 1126 esset,
1390 1072 1436 1116 in
1476 1070 1594 1117 duas

96 1161 250 1216 partes
286 1155 484 1202 rescissa
521 1162 591 1202 est
615 1153 707 1219 (4).
737 1155 919 1202 Interea
945 1155 1179 1216 Scarphea
1214 1154 1441 1216 oppidum
1472 1154 1595 1200 radi-

31 1257 35 1260 *
94 1238 213 1286 citus
244 1239 425 1286 eruitur
455 1252 510 1285 ac
538 1238 664 1285 mille
691 1246 737 1286 et
769 1239 1054 1300 septingenti
1087 1239 1303 1286 homines
1338 1238 1479 1284 simul
1514 1252 1592 1299 pe·

95 1328 248 1368 reunt.
277 1320 336 1368 At
362 1321 616 1369 Thronium
646 1322 766 1368 male
794 1322 934 1368 undis
959 1322 1191 1369 mulcatur
1224 1331 1270 1368 et
1299 1322 1594 1383 Daphnuntis

94 1417 310 1466 campum
337 1418 459 1465 aqua
494 1411 676 1451 torrens
709 1404 877 1462 diluit3
910 1419 995 1452 nec
1027 1419 1122 1452 non
1149 1411 1196 1451 et
1224 1404 1421 1465 Alopes,
1451 1404 1590 1466 Cyni,

93 1487 291 1549 Opuntis
333 1487 493 1535 multae
530 1488 746 1548 regiones
780 1487 1000 1534 fluctibus
1032 1488 1387 1550 opprimuntur,
1424 1486 1591 1533 castel-

93 1571 286 1632 lumque
323 1570 470 1617 OEum
492 1607 503 1629 ‚
537 1572 664 1632 quod
687 1571 861 1633 Opunti
887 1571 1193 1627 imminebat,
1221 1571 1486 1618 collabitur.
1517 1569 1593 1615 Al-

8 1709 10 1718 *
92 1653 202 1717 poni
243 1667 358 1700 vero
381 1688 392 1707 ,
434 1667 540 1699 cum
580 1653 933 1700 celebrarentur
960 1653 1331 1715 Thesmophoria
1368 1660 1414 1699 et
1451 1653 1588 1714 quin-

8 1727 29 1789 Ῑ,
92 1751 184 1799 que
217 1751 272 1784 ac
307 1736 478 1797 viginti
515 1736 725 1798 virgines
765 1751 983 1798 pompam
1013 1751 1038 1782 e
1068 1737 1181 1782 turri
1222 1737 1424 1798 quadam
1454 1750 1589 1797 spec-

94 1825 278 1875 tarent,
309 1820 450 1866 turris
478 1820 613 1866 ruina
655 1820 960 1866 colliduntur.
999 1820 1092 1866 Nec
1124 1820 1295 1866 similia
1338 1819 1383 1864 in
1412 1819 1588 1865 Euboea

90 1909 231 1963 atque
259 1902 304 1948 in
331 1902 484 1949 insula
506 1903 766 1965 Peparetho
792 1903 1014 1949 miracula
1041 1910 1136 1948 tum
1166 1903 1382 1949 defecere
1406 1900 1497 1964 (5),
1524 1902 1588 1947 ita

92 1989 142 2031 ut
191 1984 301 2031 belli
347 1985 469 2033 malo
509 1987 641 2047 pejus
682 1988 919 2048 quoddam
968 1986 1124 2043 aliud,
1166 1992 1325 2047 utpote
1360 1985 1487 2046 quod
1525 2000 1587 2032 ex

92 2066 350 2130 improviso
376 2077 616 2130 surgeret,
644 2071 920 2118 adderetur.

155 2150 331 2199 Eodem
347 2167 472 2200 anno
487 2154 640 2201 Nicias
660 2154 961 2202 Atheniensis
985 2169 1090 2200 cum
1117 2154 1363 2214 sexaginta
1384 2153 1586 2200 navibus

133 2392 182 2436 (1)
200 2392 324 2432 Thuc„
347 2393 394 2435 11,
415 2395 475 2433 26;
495 2395 598 2429 Diod.
621 2395 705 2433 Sic..
727 2395 810 2434 XII,
828 2396 880 2435 44,
909 2396 936 2428 l.

133 2451 177 2494 (2)
198 2452 323 2493 Time..
345 2453 393 2494 ΙΙ,
415 2454 455 2487 32
469 2466 478 2495 ;
494 2454 596 2488 Diod.
619 2455 709 2496 Sic„
731 2455 819 2494 XII,
839 2455 897 2494 44,
923 2455 955 2488 2.
977 2454 1028 2487 De
1044 2456 1110 2488 hac
1134 2455 1269 2494 insula,
1290 2465 1322 2487 v.
1353 2454 1394 2487 G.
1421 2454 1582 2497 Lolling‚

90 2511 348 2553 lsiuheilunqen
369 2514 426 2546 des
445 2515 625 2548 deutschen
653 2515 950 2556 archdotoqischen
976 2515 1148 2548 Institutas
1173 2516 1214 2547 in
1237 2514 1367 2554 Athen,
1394 2515 1424 2553 Ι,
1447 2523 1482 2556 p.
1502 2514 1583 2547 253-

90 2569 161 2603 255.

134 2629 177 2671 (3)
201 2629 325 2670 Thuc.,
346 2631 411 2672 111,
432 2633 484 2672 89,
506 2634 545 2670 3;
569 2633 671 2667 Diod.
692 2633 778 2672 Sic„
802 2633 887 2674 XII,
904 2633 955 2671 59,
977 2634 1007 2666 2.

130 2688 175 2731 (4)
195 2688 321 2731 strab„
342 2691 369 2731 Ι,
393 2691 503 2725 60-61.

130 2747 178 2790 (5)
198 2747 320 2790 Thuc„
346 2750 409 2789 111,
429 2752 481 2792 aa,
500 2736 536 2785 4:
