1916 3198
339 244 390 284 24
655 260 658 261 ⁷
859 257 911 285 nn
940 256 1085 285 nocuis
1114 256 1322 286 OPUNTHS.

338 337 461 383 inter
485 342 552 383 tot
571 335 786 383 civitates
804 335 929 382 illius
950 335 1224 382 certaminis
1241 335 1493 398 participes
1514 342 1657 398 atque
1681 335 1835 383 socias

338 419 478 465 unius
506 417 666 480 populi
694 418 896 479 vestigia
926 419 1167 480 persequi.

402 502 523 558 Quae
545 501 945 564 deprehendimus
971 517 1159 549 rursum
1193 516 1220 549 a
1263 503 1514 565 phocensis
1551 503 1662 550 belli
1701 502 1834 550 initio
1904 531 1916 540 x

337 583 494 648 (355).
525 584 666 646 Cujus
691 599 832 632 causa
861 585 1099 632 neminem
1130 585 1264 647 fugit.
1295 586 1410 633 Nam
1438 601 1546 633 cum
1569 585 1836 643 Phocenses

338 675 516 731 partem
535 669 635 729 agri
657 667 865 730 Apollini
883 669 1002 715 sacri
1020 675 1177 717 aratro
1199 670 1554 732 proscidissent‚
1577 669 1831 732 sacrilegii,

336 751 374 797 si
412 751 604 812 quidem
648 752 785 798 famae
811 751 1100 799 credendum
1129 734 1223 810 est,
1253 766 1279 798 a
1313 752 1547 799 Thebanis
1570 752 1696 814 apud
1722 750 1833 798 Am-

337 834 614 897 phictyones
664 836 888 895 accusati,
942 836 1220 896 urgentibus
1266 836 1501 883 Thessalis
1547 834 1831 899 Locrisque,

336 917 544 964 damnati
572 924 706 977 sunt3
733 918 843 977 sed,
872 933 978 965 cum
1011 919 1235 966 indictam
1274 920 1492 966 mulctam
1525 919 1713 967 solvere
1741 933 1834 967 non

337 1001 625 1064 potuissent,
652 1002 968 1050 decreverunt
1003 1002 1373 1066 Amphictyones
1402 1010 1547 1051 totam
1574 1002 1831 1050 Phocidem

338 1085 428 1132 deo
460 1085 770 1132 addicendam
809 1100 932 1133 esse.
961 1086 1107 1145 Tum,
1140 1087 1434 1148 iniquitatem
1464 1086 1632 1147 judicii
1661 1100 1837 1149 expro-

335 1169 544 1227 brantes,
573 1168 838 1216 Phocenses
865 1170 1094 1216 rebellant
1118 1177 1180 1227 et,
1203 1169 1461 1216 Philomelo
1487 1170 1628 1228 duce,
1653 1169 1834 1232 Apolli·

339 1252 411 1298 nis
447 1252 618 1313 templo
660 1252 931 1314 potiuntur,
962 1253 1097 1312 cujus
1136 1252 1398 1300 custodiam
1445 1252 1535 1299 sibi
1576 1253 1837 1315 antiquitus

341 1334 558 1381 traditam
588 1335 960 1392 contendebant3
991 1335 1194 1392 deinde,
1223 1335 1269 1380 in
1301 1350 1465 1383 omnes
1489 1335 1706 1383 civitates
1731 1336 1837 1382 mit-

342 1426 443 1464 tunt
471 1418 673 1478 legatos,
692 1419 773 1478 qui
800 1424 1064 1465 ceterorum
1095 1418 1364 1466 Graecorum
1392 1433 1639 1466 assensum
1667 1419 1757 1466 sibi
1784 1433 1840 1467 ac

343 1501 550 1547 favorem
601 1501 872 1549 concilient.
928 1501 1110 1556 Quibus
1160 1502 1422 1549 benevolos
1474 1517 1525 1550 se
1580 1503 1840 1565 praestitere

339 1583 654 1631 Athenienses
693 1595 739 1631 et
785 1585 1128 1631 Lacedaemonii
1172 1592 1218 1632 et
1256 1585 1417 1633 Achaei
1447 1594 1493 1632 et
1531 1586 1609 1633 alii
1646 1586 1839 1647 quidam

340 1667 648 1730 Peloponnesi
680 1669 866 1730 populi;
896 1669 1104 1715 Thebani
1132 1684 1272 1727 vero,
1303 1669 1541 1726 Thessali,
1571 1669 1723 1727 Locri,
1747 1670 1839 1718 Do-

342 1766 435 1808 res,
467 1752 709 1806 AEnianes,
743 1752 997 1806 Phthiotae,
1032 1752 1295 1812 Magnetes,
1324 1752 1587 1808 Perrhaebi‚
1618 1752 1839 1800 Athama-

344 1851 445 1890 nes,
475 1836 674 1897 Dolopes
697 1835 912 1882 hostilem
938 1843 1099 1882 eontra
1126 1836 1434 1883 Philomelum
1463 1838 1661 1899 ejusque
1688 1837 1842 1902 soci-os

343 1919 551 1966 animum
582 1919 732 1980 palam
763 1919 1155 1966 demonstravere
1182 1919 1273 1980 (t).
1698 1911 1701 1913 Α

411 2003 580 2049 Locros
607 2003 990 2058 memoravimus,
1021 2003 1104 2049 sod
1134 2003 1202 2066 hi,
1231 2010 1277 2049 ut
1305 2003 1512 2060 videtur,
1535 2003 1690 2051 Ozolae
1710 2011 1838 2064 sunt,

345 2093 424 2132 aut
450 2085 811 2147 Amphisseuses
839 2087 1032 2142 saltem,
1062 2100 1181 2147 quos
1207 2086 1400 2148 Delphis
1427 2086 1660 2134 adversus
1688 2086 1843 2135 Philo·

348 2170 518 2215 melum
558 2169 810 2230 opitulatos
851 2183 954 2215 esse
990 2169 1182 2215 scimus.
1215 2168 1274 2214 At
1313 2169 1502 2231 Opuntii
1545 2170 1668 2217 idem
1702 2177 1844 2232 atque

345 2253 501 2299 Ozola¹
527 2253 629 2298 sine
651 2253 796 2298 (lubio
820 2259 914 2298 tum
941 2253 1229 2311 sentiebant,
1249 2268 1352 2299 cum
1384 2253 1427 2298 iu
1445 2252 1841 2316 Amphictyonum

347 2337 544 2383 consilio
572 2343 617 2382 ot
647 2336 732 2398 ipsi
759 2336 1036 2394 suffragium
1063 2351 1200 2383 suum
1230 2337 1460 2384 haberent
1478 2334 1570 2400 (2).
1601 2337 1694 2384 Nec
1721 2338 1842 2385 veri-

348 2420 500 2466 simile
527 2426 598 2466 est
620 2433 701 2467 eos
729 2419 991 2467 incuriosos
1020 2420 1145 2468 illius
1172 2420 1283 2468 belli
1304 2420 1532 2467 mansisse
1559 2434 1586 2467 a
1609 2419 1844 2470 Thebanis

393 2591 435 2630 (l)
453 2590 571 2629 (irate,
590 2600 642 2632 ομ.
667 2590 739 2630 cit..
766 2588 883 2627 xvll‚
906 2601 938 2632 p.
957 2590 997 2623 59
1016 2599 1090 2632 sqq.

390 2650 435 2692 (2)
461 2649 621 2686 l'uumn„
649 2649 674 2681 Χ
694 2675 701 2689 ,
722 2651 757 2688 8,
782 2650 812 2682 5.
832 2650 899 2687 Ur..
933 2649 974 2682 de
1004 2650 1070 2682 hoc
1099 2649 1403 2692 Amphictyonum
1426 2650 1596 2691 consilio,
1616 2649 1845 2692 disceptatio-

350 2719 430 2742 nem
451 2718 554 2751 qunin
576 2709 685 2741 edidit
707 2709 855 2741 Foucnrt
871 2709 964 2751 npml
984 2708 1195 2751 nuremberg
1214 2712 1247 2741 ct
1266 2708 1394 2752 Englio,
1418 2709 1658 2743 Diction‘naire
1676 2710 1733 2742 des
1748 2710 1846 2743 anti-

350 2769 458 2812 (μανι
471 2777 626 2810 umqum
644 2774 672 2801 ec
692 2769 876 2806 romainen,
896 2778 923 2801 s.
946 2779 977 2801 v.
1002 2768 1273 2811 Amphictyones.
