1916 3198
546 275 598 304 ΒΕ
626 274 758 303 nanus
787 272 1077 303 OPUNTmmJM.
1512 257 1561 299 19

73 357 346 404 colonorum
369 352 751 413 decernentibus,
775 352 928 415 capite
951 351 1223 399 deminutus
1244 357 1345 398 esto
1365 351 1564 412 ejusque

9 459 12 463 ·
73 440 198 487 bona
224 438 411 501 publica
437 442 596 484 sunto.
631 453 654 480 »

140 522 189 568 In
222 522 296 569 his
334 527 495 574 autem·
526 520 674 567 tribus
708 519 823 567 locis
840 555 853 578 ,
884 518 1115 566 vocabula
1141 517 1333 580 Opuntii
1366 524 1413 564 et
1437 517 1565 579 Opus

74 604 333 653 Orientales
373 604 541 651 Locros
580 617 839 665 eorumque
881 602 1178 666 metropolim
1216 601 1401 663 publice
1440 600 1565 648 desi·

75 702 219 751 gnare
265 687 401 736 nobis
451 688 691 735 videntur.
734 687 837 742 Quo
884 686 1009 734 enim
1057 685 1256 733 tendunt
1300 684 1403 733 haec
1445 685 1567 732 tituli

76 771 200 832 loca,
229 771 318 819 nisi
357 778 407 817 ut
443 785 673 818 novorum
710 771 984 818 colonorum
1018 769 1299 818 commercia
1326 783 1432 815 cum
1462 769 1567 815 uni-

0 849 1 855 *
78 869 212 904 versa
240 855 456 916 regione,
487 855 612 902 unde
640 854 833 916 profecti
861 861 990 913 sunt,
1016 860 1182 915 regant
1208 860 1350 914 atquc
1377 868 1567 915 compo-

43 970 50 973 -
76 940 224 986 nant‘?
250 939 427 1000 Nempe
459 938 580 984 inter
600 936 752 985 officia
774 938 947 999 quibus
970 937 1017 983 hi
1042 936 1370 997 astringuntur
1390 937 1565 996 coloni,

77 1028 187 1070 sunt
214 1036 321 1084 quae
346 1036 450 1068 cum
479 1021 750 1068 civitatibus
780 1028 958 1067 tantum
987 1035 1068 1068 eos
1094 1021 1288 1081 alligent
1319 1035 1436 1082 quas
1460 1028 1570 1067 ante

80 1105 402 1166 migrationem
454 1104 754 1161 habitabant,
802 1119 907 1151 cum
948 1104 1244 1150 Percotharia
1292 1104 1470 1151 scilicet
1515 1118 1570 1150 ac

78 1188 353 1252 Mysacheo‚
385 1189 511 1235 unde
545 1203 692 1236 novas
728 1188 867 1236 sedes
906 1189 1171 1251 petierunt3
1199 1195 1310 1234 sunt
1338 1203 1452 1235 vero
1479 1188 1569 1234 alia

81 1272 253 1334 quibus
281 1286 391 1333 erga
422 1278 562 1319 lotam
591 1271 896 1318 Orientalium
920 1273 1171 1319 Locrorum
1197 1272 1435 1319 civitatem
1466 1272 1573 1318 vin-

81 1354 263 1402 ciantur
293 1371 303 1399 z
337 1369 445 1415 quae
483 1354 670 1415 quoties
699 1368 981 1416 expromere
1017 1354 1167 1401 voluit
1195 1354 1382 1412 titulus,
1421 1356 1571 1402 nomi-

83 1437 222 1484 nibus
252 1435 487 1483 Ὀπούντιοι
514 1444 560 1483 et
586 1434 745 1488 Ὀπόεις
771 1451 883 1483 usus
910 1444 996 1483 est.
1016 1437 1150 1491 Quod
1178 1437 1215 1482 Si
1246 1437 1387 1497 igitur
1410 1436 1575 1484 Ὀπούν-

17 1569 20 1588 .
83 1540 167 1567 τιοι
185 1527 230 1567 et
258 1519 416 1573 Ὀπόεις
438 1520 496 1566 ad
524 1520 797 1567 universum
818 1519 1123 1566 Orientalium
1140 1521 1390 1568 Locrorum
1409 1536 1572 1582 agrum

84 1617 342 1664 eorumque
380 1603 672 1665 metropolim
709 1604 973 1665 pertinent,
1006 1618 1197 1650 necesse
1232 1613 1302 1651 est
1331 1605 1574 1666 Hypocne-

22 1690 23 1694 ’
85 1686 334 1734 midiorum
361 1700 531 1734 nomen
560 1693 737 1748 partem
768 1693 944 1732 tantum
969 1687 1180 1746 ejusdem
1207 1687 1307 1747 agri
1335 1688 1574 1748 designet,

85 1777 131 1819 et
166 1770 380 1817 eamdem
407 1769 510 1816 sine
536 1769 682 1816 dubio
721 1775 862 1830 atque
900 1784 1033 1827 eam,
1073 1776 1123 1815 ut
1158 1770 1353 1816 Vischer
1390 1778 1574 1830 censet,

86 1866 192 1916 quae
234 1852 568 1915 Epicnemidiis
620 1853 740 1899 solet
793 1853 982 1911 addici3
1019 1853 1064 1899 in
1115 1853 1202 1899 hac
1246 1860 1402 1900 autem
1449 1863 1580 1916 parte

87 1935 259 1999 oppida
303 1941 436 1982 erant
467 1935 767 1983 Percotharia
804 1951 858 1982 ac
895 1936 1212 1998 Mysacheon‚
1248 1937 1372 1983 unde
1411 1938 1580 1998 migra-

88 2025 253 2067 verant
317 2018 490 2066 coloni.
544 2018 662 2074 Quae
723 2019 916 2081 quidem
984 2020 1170 2082 penitus
1223 2020 1581 2081 ignorabamus,

33 2142 37 2160 «λ
89 2101 359 2167 priusquam
396 2101 727 2163 galaxidianus
775 2102 942 2149 titulus
978 2102 1202 2150 inventus
1248 2102 1404 2150 fuerit.
1444 2103 1586 2150 Erant

36 2233 38 2236 ,
90 2197 203 2232 sane
239 2185 411 2248 viculi,
453 2199 654 2247 quorum
686 2186 885 2247 vestigia
922 2186 1188 2247 antiquitus
1221 2186 1396 2233 abolita
1443 2195 1582 2246 sunt;

94 2281 246 2329 neque
277 2267 402 2317 enim
429 2281 455 2314 a
482 2267 713 2315 Strabone
747 2282 902 2330 neque
929 2282 955 2314 a
982 2268 1211 2314 Pausania
1245 2275 1584 2317 memorantur.

42 2388 44 2412 ‚
159 2350 238 2397 His
272 2357 426 2398 autem
464 2352 670 2411 colonis,
709 2366 829 2413 quos
870 2352 1094 2399 miserant
1131 2351 1393 2399 Orientales
1427 2353 1586 2412 Locri,

42 2422 46 2480 i
95 2447 199 2482 sese
232 2435 503 2495 adjecerant
536 2436 642 2494 alii,
677 2435 891 2495 Chalaeo‚
925 2450 988 2483 ex
1024 2435 1273 2483 Ozolarum
1313 2437 1452 2495 urbe,
1481 2451 1591 2498 pro-

95 2516 221 2571 fecti.
256 2517 464 2573 Quorum
503 2519 563 2564 ad
602 2518 724 2565 tituli
762 2518 904 2566 finem
944 2513 1122 2566 mentio
1157 2517 1226 2566 fit.
1256 2518 1428 2565 Verum
1468 2520 1498 2564 ii
1534 2520 1594 2566 ab

99 2597 349 2662 Antiphata
383 2602 588 2662 quodam
630 2602 821 2649 deducti
860 2608 1011 2649 erant.
1042 2601 1115 2648 Ad
1147 2602 1233 2650 hos
1264 2617 1453 2663 quoque
1490 2603 1591 2662 lex,

51 2730 54 2743 ,
99 2695 194 2731 non
218 2684 278 2730 ad
305 2684 703 2748 Hypocnemidios
730 2686 896 2745 modo,
925 2692 1123 2748 spectat.

166 2765 343 2828 ltaque,
367 2782 425 2814 ex
449 2769 538 2815 hoc
564 2776 894 2826 monumento,
918 2771 978 2816 de
1001 2784 1096 2830 quo
1122 2770 1270 2817 fusius
1296 2771 1411 2818 alias
1433 2772 1596 2834 dispu-
