1916 3198
718 167 963 198 coucmsm.
1539 153 1590 195 99

98 247 158 294 ab
180 246 398 294 omnibus
420 246 594 294 Graecis
618 247 793 309 pariter
818 252 952 294 erant
973 246 1264 304 observatae,
1295 245 1422 306 leges
1453 245 1590 293 nobis

101 330 221 377 male
241 330 467 391 cognitae,
488 329 573 376 sed
589 365 601 387 ,
633 338 860 391 quantum
883 330 1150 392 perspicere
1172 343 1421 391 possumus
1436 363 1448 385 ‚
1474 328 1591 374 mira

100 412 322 473 aequitate
357 426 412 458 ac
449 412 678 459 modestia
714 411 955 472 insignes3
990 419 1086 458 tum
1117 411 1227 458 belli
1265 411 1593 472 palaestraeque

98 494 336 552 studium,
373 495 532 557 lyricae
569 509 766 557 poeseos
808 495 1094 556 musicaeque
1125 508 1283 551 amor;
1327 502 1424 539 tum
1466 500 1592 539 artes

99 583 320 639 tanquam
359 578 547 639 patriae,
585 591 783 639 quarum
823 591 995 640 opera,
1030 577 1118 623 etsi
1156 576 1393 623 rarissima
1421 576 1481 621 ad
1510 589 1595 622 nos

99 668 445 722 pervenerunt,
475 659 787 722 Opuntiorum
826 668 980 706 tamen
1015 660 1222 706 indolem
1259 673 1314 705 ac
1350 657 1591 705 solertiam

99 742 368 801 declarant,
393 743 551 790 omnia
577 743 677 790 haec
701 742 912 790 efficiunt
932 749 983 789 ut
1006 756 1152 805 parva
1176 742 1255 788 illa
1281 755 1397 802 gens
1424 754 1451 786 a
1479 740 1596 787 vici-

102 826 174 875 nis
200 826 335 873 facile
362 826 566 873 discerni
591 826 767 888 possit,
794 834 866 883 et,
897 833 1002 888 post
1027 824 1361 881 Athenienses,
1392 837 1594 884 quorum

96 908 340 967 instituta,
364 909 533 960 litterae
548 945 560 968 ‚
587 918 710 957 artes
735 910 782 956 in
809 924 997 956 omnem
1021 907 1437 971 septentrionalem
1466 906 1597 953 Grae-

100 990 218 1037 ciam
243 990 543 1052 splendorem
576 992 828 1052 quemdam
857 991 1178 1049 diffuderunt,
1220 991 1341 1036 inter
1373 990 1560 1036 Boeotos
1583 1024 1595 1046 ,

101 1072 383 1132 PhocenseS‚
404 1073 677 1132 ThessaloS‚
702 1074 906 1133 AEtolos,
931 1074 1220 1132 Acarnanes,
1244 1073 1430 1131 Ozolae,
1455 1073 1598 1133 digna

101 1156 163 1203 sit
183 1170 292 1218 quae
322 1156 383 1203 ad
410 1170 462 1204 se
487 1164 732 1205 convertat
756 1172 920 1205 eorum
953 1158 1142 1215 oculos,
1173 1158 1252 1219 qui
1280 1158 1598 1204 extinctorum

103 1239 386 1302 populorum
414 1240 688 1288 memoriam
716 1255 941 1290 revocare
966 1241 1324 1302 aggrediuntur.

167 1321 280 1379 Cum
308 1322 451 1383 igitur
470 1323 593 1370 inter
613 1330 794 1371 ceteras
814 1324 1197 1386 septentrionalis
1216 1324 1411 1371 Graeciae
1434 1331 1600 1386 gentes

103 1404 180 1452 hic
205 1404 323 1452 ordo
348 1405 565 1468 Opuntiis
598 1406 659 1453 sit
683 1407 998 1467 assignandus
1017 1443 1028 1465 ‚
1058 1421 1200 1470 quem
1227 1408 1443 1454 ordinem
1472 1407 1598 1454 inter

105 1474 198 1536 tres
222 1489 474 1536 Locrorum
501 1490 636 1551 quasi
670 1503 826 1537 ramos
853 1490 945 1537 illis
971 1491 1356 1551 assignabimus?
1382 1489 1593 1537 Difficilis

38 1565 45 1576 ”
105 1579 176 1620 est
190 1571 499 1634 Opuntiorum
513 1588 620 1620 cum
631 1573 953 1637 Epizephyriis
971 1575 1277 1637 comparatio.
1291 1574 1593 1635 Quanquam,

105 1670 212 1703 cum
238 1655 504 1715 Ozolarum‚
534 1656 690 1704 forsan
717 1664 763 1704 et
788 1657 1100 1719 Opuntiorum
1128 1664 1288 1705 essent
1312 1658 1486 1714 coloni,
1516 1657 1597 1704 ali-

106 1753 247 1801 quam
271 1739 374 1786 sine
397 1740 543 1788 dubio
567 1754 674 1787 cum
699 1740 772 1787 his
795 1742 1178 1788 communitatem
1198 1741 1486 1788 habuerunt.
1509 1740 1601 1787 Cu-

103 1822 182 1882 jus
231 1823 501 1885 exemplum
555 1837 696 1886 supra
752 1824 798 1870 in
857 1824 1063 1871 medium
1115 1824 1429 1888 protulimus,
1486 1839 1592 1870 cum

108 1902 299 1966 Ajacem
326 1905 386 1952 ab
414 1906 625 1968 utrisque
651 1906 828 1954 cultum
855 1921 960 1954 esse
987 1908 1356 1954 memoravimus
1383 1906 1479 1970 (l).
1510 1907 1603 1954 Sed

110 1988 367 2035 verisimile
388 1995 460 2036 est
477 1989 582 2037 illos
607 1989 814 2046 GraecOS,
842 1990 888 2036 in
911 1990 1091 2037 Italiam
1121 1997 1482 2052 transportatos‚
1513 2004 1606 2037 mo-

25 2067 29 2077 ”
90 2084 186 2118 ·res
209 2078 350 2133 atque
377 2071 620 2133 ingenium
646 2073 739 2121 cito
767 2074 1044 2132 mutavisse,
1075 2081 1122 2120 et
1150 2088 1212 2120 ex
1240 2073 1296 2119 iis
1320 2087 1428 2134 quae
1447 2073 1508 2120 de
1533 2087 1603 2119 re-

28 2142 39 2199 Ῐ
111 2153 201 2200 bus
225 2153 643 2218 Epizephyriorum
678 2156 813 2203 nobis
847 2156 1016 2203 tradita
1048 2164 1158 2203 sunt
1178 2192 1190 2215 ,
1226 2158 1462 2217 conjicere
1494 2156 1605 2204 licet

34 2219 43 2230 „
112 2250 194 2284 eos
220 2236 401 2298 Magnae
426 2237 620 2289 Graeciae
644 2238 948 2286 humanitatis
973 2240 1223 2302 cultusque
1251 2240 1383 2288 brevi
1413 2240 1605 2301 partici-

115 2332 197 2381 pes
223 2319 384 2367 fuisse.
414 2320 591 2383 Nempe
620 2335 758 2367 unam
793 2336 854 2368 ex
886 2322 979 2368 illis
1010 2322 1231 2383 gentibus
1260 2322 1603 2380 informavere,

113 2414 221 2462 quae
247 2402 295 2447 in
312 2402 442 2450 Italia
469 2403 764 2452 meridionali
788 2418 843 2450 ac
862 2405 1018 2451 Sicilia
1048 2412 1144 2451 tum
1167 2404 1446 2463 floruerunt,
1475 2405 1603 2451 Grae-

116 2484 187 2530 cia
214 2485 405 2546 quidem
431 2487 647 2535 oriundae
666 2524 678 2547 ‚
709 2501 875 2548 graecae
908 2488 1136 2548 religione
1154 2524 1167 2548 ‚
1209 2489 1445 2547 moribuS,
1478 2488 1606 2548 inge·

160 2675 206 2719 (1)
223 2670 268 2710 V.
289 2686 406 2720 supra,
424 2688 457 2720 p.
482 2676 538 2720 10,
560 2675 613 2713 57.
