<?xml version="1.0" encoding="UTF-8"?>
<!DOCTYPE html PUBLIC "-//W3C//DTD XHTML 1.0 Transitional//EN"
    "http://www.w3.org/TR/xhtml1/DTD/xhtml1-transitional.dtd">
<html xmlns="http://www.w3.org/1999/xhtml" xml:lang="en" lang="en">
 <head>
  <title>
</title>
<meta http-equiv="Content-Type" content="text/html;charset=utf-8" />
  <meta name='ocr-system' content='tesseract 3.04.00' />
  <meta name='ocr-capabilities' content='ocr_page ocr_carea ocr_par ocr_line ocrx_word'/>
</head>
<body>
  <div class='ocr_page' id='page_1' title='image "./delocrisopuntiis00gira_0085.png"; bbox 0 0 1916 3198; ppageno 0'>
   <div class='ocr_carea' id='block_1_1' title="bbox 217 241 1568 297">
    <p class='ocr_par' dir='ltr' id='par_1_1' title="bbox 217 241 1568 297">
     <span class='ocr_line' id='line_1_1' title="bbox 217 241 1568 297; baseline -0.008 -4"><span class='ocrx_word' id='word_1_1' title='bbox 217 264 269 294; x_wconf 77' lang='lat' dir='ltr'>DE</span> <span class='ocrx_word' id='word_1_2' title='bbox 298 262 574 295; x_wconf 73' lang='grc' dir='ltr'>οΡυΝΤιοιιυιι</span> <span class='ocrx_word' id='word_1_3' title='bbox 604 261 825 297; x_wconf 67' lang='lat' dir='ltr'>mmmm,</span> <span class='ocrx_word' id='word_1_4' title='bbox 857 259 1034 288; x_wconf 69' lang='lat' dir='ltr'>memus</span> <span class='ocrx_word' id='word_1_5' title='bbox 1062 257 1200 293; x_wconf 67' lang='lat' dir='ltr'>Arous</span> <span class='ocrx_word' id='word_1_6' title='bbox 1230 255 1427 286; x_wconf 73' lang='lat' dir='ltr'>uomens.</span> <span class='ocrx_word' id='word_1_7' title='bbox 1518 241 1568 282; x_wconf 80' lang='lat'>69</span> 
     </span>
    </p>
   </div>
   <div class='ocr_carea' id='block_1_2' title="bbox 559 337 1071 465">
    <p class='ocr_par' dir='ltr' id='par_1_2' title="bbox 559 337 1071 465">
     <span class='ocr_line' id='line_1_2' title="bbox 559 337 903 394; baseline -0.012 -14"><span class='ocrx_word' id='word_1_8' title='bbox 559 338 718 394; x_wconf 81' lang='grc' dir='ltr'>Σώτειρα</span> <span class='ocrx_word' id='word_1_9' title='bbox 737 337 903 391; x_wconf 79' lang='grc' dir='ltr'>λέλογχεν</span> 
     </span>
     <span class='ocr_line' id='line_1_3' title="bbox 560 407 1071 465; baseline -0.006 -14"><span class='ocrx_word' id='word_1_10' title='bbox 560 409 792 465; x_wconf 82' lang='grc' dir='ltr'>μεγαλόδοξος</span> <span class='ocrx_word' id='word_1_11' title='bbox 815 408 971 463; x_wconf 81' lang='grc' dir='ltr'>Εὐνομία</span> <span class='ocrx_word' id='word_1_12' title='bbox 996 407 1071 462; x_wconf 87' lang='lat'>(1).</span> 
     </span>
    </p>
   </div>
   <div class='ocr_carea' id='block_1_3' title="bbox 0 0 35 3198">
    <p class='ocr_par' dir='ltr' id='par_1_3' title="bbox 0 0 35 3198">
     <span class='ocr_line' id='line_1_4' title="bbox 0 0 35 3198; baseline 0 -2564"><span class='ocrx_word' id='word_1_13' title='bbox 0 0 35 3198; x_wconf 95' lang='lat' dir='ltr'>   </span> 
     </span>
    </p>
   </div>
   <div class='ocr_carea' id='block_1_4' title="bbox 16 603 1575 2339">
    <p class='ocr_par' dir='ltr' id='par_1_4' title="bbox 18 593 1574 1759">
     <span class='ocr_line' id='line_1_5' title="bbox 31 603 1566 675; baseline -0.007 -13"><span class='ocrx_word' id='word_1_14' title='bbox 31 603 46 675; x_wconf 64' lang='lat' dir='ltr'>{I}</span> <span class='ocrx_word' id='word_1_15' title='bbox 142 613 294 661; x_wconf 93' lang='lat' dir='ltr'>Tum</span> <span class='ocrx_word' id='word_1_16' title='bbox 282 629 331 661; x_wconf 88' lang='grc' dir='ltr'>ιιι</span> <span class='ocrx_word' id='word_1_17' title='bbox 358 613 632 661; x_wconf 81' lang='lat' dir='ltr'>memoriam</span> <span class='ocrx_word' id='word_1_18' title='bbox 656 618 866 660; x_wconf 83' lang='lat' dir='ltr'>nostram</span> <span class='ocrx_word' id='word_1_19' title='bbox 889 623 1167 658; x_wconf 81' lang='lat' dir='ltr'>revocemus</span> <span class='ocrx_word' id='word_1_20' title='bbox 1194 606 1486 670; x_wconf 83' lang='lat' dir='ltr'>epitaphium</span> <span class='ocrx_word' id='word_1_21' title='bbox 1509 606 1566 651; x_wconf 91' lang='lat' dir='ltr'>il-</span> 
     </span>
     <span class='ocr_line' id='line_1_6' title="bbox 31 690 1567 760; baseline -0.007 -13.66"><span class='ocrx_word' id='word_1_22' title='bbox 31 698 159 746; x_wconf 92' lang='lat' dir='ltr'>lud</span> <span class='ocrx_word' id='word_1_23' title='bbox 186 698 315 760; x_wconf 90' lang='lat' dir='ltr'>quod</span> <span class='ocrx_word' id='word_1_24' title='bbox 333 697 395 744; x_wconf 91' lang='lat' dir='ltr'>ad</span> <span class='ocrx_word' id='word_1_25' title='bbox 413 696 750 759; x_wconf 82' lang='lat' dir='ltr'>Thermopylas</span> <span class='ocrx_word' id='word_1_26' title='bbox 777 695 826 741; x_wconf 94' lang='lat' dir='ltr'>in</span> <span class='ocrx_word' id='word_1_27' title='bbox 854 693 1039 741; x_wconf 86' lang='lat' dir='ltr'>funebri</span> <span class='ocrx_word' id='word_1_28' title='bbox 1066 692 1284 740; x_wconf 87' lang='lat' dir='ltr'>columna</span> <span class='ocrx_word' id='word_1_29' title='bbox 1304 690 1567 751; x_wconf 81' lang='lat' dir='ltr'>legebatur,</span> 
     </span>
     <span class='ocr_line' id='line_1_7' title="bbox 26 760 1566 846; baseline -0.007 -16"><span class='ocrx_word' id='word_1_30' title='bbox 26 760 43 846; x_wconf 53' lang='lat' dir='ltr'>{f</span> <span class='ocrx_word' id='word_1_31' title='bbox 77 782 125 829; x_wconf 88' lang='lat' dir='ltr'>in</span> <span class='ocrx_word' id='word_1_32' title='bbox 164 796 258 844; x_wconf 91' lang='lat' dir='ltr'>quo</span> <span class='ocrx_word' id='word_1_33' title='bbox 283 781 410 844; x_wconf 89' lang='lat' dir='ltr'>Opus</span> <span class='ocrx_word' id='word_1_34' title='bbox 446 782 665 843; x_wconf 79' lang='grc' dir='ltr'>εὐθυνόμων</span> <span class='ocrx_word' id='word_1_35' title='bbox 704 785 866 841; x_wconf 82' lang='grc' dir='ltr'>Λοκρῶν</span> <span class='ocrx_word' id='word_1_36' title='bbox 897 777 1145 824; x_wconf 84' lang='lat' dir='ltr'>dicebatur</span> <span class='ocrx_word' id='word_1_37' title='bbox 1173 773 1443 836; x_wconf 78' lang='lat' dir='ltr'>metropolis</span> <span class='ocrx_word' id='word_1_38' title='bbox 1472 770 1566 836; x_wconf 71' lang='lat'>(2).</span> 
     </span>
     <span class='ocr_line' id='line_1_8' title="bbox 27 854 1571 927; baseline -0.007 -15"><span class='ocrx_word' id='word_1_39' title='bbox 27 854 45 927; x_wconf 97' lang='lat'>3</span> <span class='ocrx_word' id='word_1_40' title='bbox 77 863 211 911; x_wconf 88' lang='lat' dir='ltr'>Unde</span> <span class='ocrx_word' id='word_1_41' title='bbox 231 863 460 926; x_wconf 86' lang='lat' dir='ltr'>Opuntios</span> <span class='ocrx_word' id='word_1_42' title='bbox 483 860 824 922; x_wconf 87' lang='lat' dir='ltr'>antiquissimis</span> <span class='ocrx_word' id='word_1_43' title='bbox 844 873 959 906; x_wconf 90' lang='lat' dir='ltr'>sane</span> <span class='ocrx_word' id='word_1_44' title='bbox 982 865 1124 919; x_wconf 90' lang='lat' dir='ltr'>atque</span> <span class='ocrx_word' id='word_1_45' title='bbox 1149 856 1434 918; x_wconf 81' lang='lat' dir='ltr'>aequissimis</span> <span class='ocrx_word' id='word_1_46' title='bbox 1460 855 1571 916; x_wconf 81' lang='lat' dir='ltr'>legi-</span> 
     </span>
     <span class='ocr_line' id='line_1_9' title="bbox 75 939 1570 1003; baseline -0.007 -7.335"><span class='ocrx_word' id='word_1_47' title='bbox 75 947 165 995; x_wconf 84' lang='lat' dir='ltr'>bus</span> <span class='ocrx_word' id='word_1_48' title='bbox 198 961 309 995; x_wconf 87' lang='lat' dir='ltr'>usos</span> <span class='ocrx_word' id='word_1_49' title='bbox 341 960 446 994; x_wconf 88' lang='lat' dir='ltr'>esse</span> <span class='ocrx_word' id='word_1_50' title='bbox 472 943 729 992; x_wconf 88' lang='lat' dir='ltr'>verisimile</span> <span class='ocrx_word' id='word_1_51' title='bbox 759 949 862 1000; x_wconf 87' lang='lat' dir='ltr'>est,</span> <span class='ocrx_word' id='word_1_52' title='bbox 893 956 1010 1003; x_wconf 88' lang='lat' dir='ltr'>quas</span> <span class='ocrx_word' id='word_1_53' title='bbox 1044 948 1230 988; x_wconf 88' lang='lat' dir='ltr'>veteres</span> <span class='ocrx_word' id='word_1_54' title='bbox 1257 939 1570 987; x_wconf 86' lang='lat' dir='ltr'>admiratione</span> 
     </span>
     <span class='ocr_line' id='line_1_10' title="bbox 31 1015 728 1106; baseline -0.01 -27"><span class='ocrx_word' id='word_1_55' title='bbox 31 1015 45 1106; x_wconf 91' lang='lat'><em>3</em></span> <span class='ocrx_word' id='word_1_56' title='bbox 75 1030 277 1093; x_wconf 89' lang='lat' dir='ltr'>quadam</span> <span class='ocrx_word' id='word_1_57' title='bbox 302 1028 728 1093; x_wconf 89' lang='lat' dir='ltr'>prosequebantur.</span> 
     </span>
     <span class='ocr_line' id='line_1_11' title="bbox 18 1106 1569 1183; baseline -0.006 -22"><span class='ocrx_word' id='word_1_58' title='bbox 18 1180 20 1183; x_wconf 18' lang='grc' dir='ltr'>ι</span> <span class='ocrx_word' id='word_1_59' title='bbox 141 1113 211 1161; x_wconf 84' lang='lat' dir='ltr'>Ex</span> <span class='ocrx_word' id='word_1_60' title='bbox 237 1113 330 1162; x_wconf 88' lang='lat' dir='ltr'>illis</span> <span class='ocrx_word' id='word_1_61' title='bbox 359 1120 514 1160; x_wconf 88' lang='lat' dir='ltr'>autem</span> <span class='ocrx_word' id='word_1_62' title='bbox 544 1111 728 1172; x_wconf 80' lang='lat' dir='ltr'>legibus</span> <span class='ocrx_word' id='word_1_63' title='bbox 754 1110 1007 1171; x_wconf 84' lang='lat' dir='ltr'>scriptores</span> <span class='ocrx_word' id='word_1_64' title='bbox 1042 1108 1217 1154; x_wconf 90' lang='lat' dir='ltr'>nullam</span> <span class='ocrx_word' id='word_1_65' title='bbox 1245 1107 1382 1155; x_wconf 91' lang='lat' dir='ltr'>nobis</span> <span class='ocrx_word' id='word_1_66' title='bbox 1410 1106 1569 1169; x_wconf 88' lang='lat' dir='ltr'>prodi-</span> 
     </span>
     <span class='ocr_line' id='line_1_12' title="bbox 26 1166 1568 1265; baseline -0.006 -19.994"><span class='ocrx_word' id='word_1_67' title='bbox 26 1166 45 1265; x_wconf 89' lang='lat'>3</span> <span class='ocrx_word' id='word_1_68' title='bbox 81 1197 268 1245; x_wconf 88' lang='lat' dir='ltr'>derunt.</span> <span class='ocrx_word' id='word_1_69' title='bbox 298 1197 471 1244; x_wconf 81' lang='lat' dir='ltr'>Forsan</span> <span class='ocrx_word' id='word_1_70' title='bbox 508 1202 664 1242; x_wconf 89' lang='lat' dir='ltr'>tamen</span> <span class='ocrx_word' id='word_1_71' title='bbox 698 1194 756 1240; x_wconf 91' lang='lat' dir='ltr'>ad</span> <span class='ocrx_word' id='word_1_72' title='bbox 793 1192 1024 1255; x_wconf 89' lang='lat' dir='ltr'>Opuntios</span> <span class='ocrx_word' id='word_1_73' title='bbox 1058 1198 1237 1254; x_wconf 88' lang='lat' dir='ltr'>spectat</span> <span class='ocrx_word' id='word_1_74' title='bbox 1263 1191 1568 1248; x_wconf 85' lang='lat' dir='ltr'>Aristoteles,</span> 
     </span>
     <span class='ocr_line' id='line_1_13' title="bbox 27 1259 1572 1345; baseline -0.005 -16"><span class='ocrx_word' id='word_1_75' title='bbox 27 1259 43 1345; x_wconf 61' lang='lat'>³}</span> <span class='ocrx_word' id='word_1_76' title='bbox 80 1295 186 1329; x_wconf 89' lang='lat' dir='ltr'>cum</span> <span class='ocrx_word' id='word_1_77' title='bbox 214 1281 413 1328; x_wconf 75' lang='lat' dir='ltr'>scribitz</span> <span class='ocrx_word' id='word_1_78' title='bbox 452 1298 473 1323; x_wconf 89' lang='lat'>«</span> <span class='ocrx_word' id='word_1_79' title='bbox 502 1278 641 1340; x_wconf 89' lang='lat' dir='ltr'>Apud</span> <span class='ocrx_word' id='word_1_80' title='bbox 662 1278 834 1325; x_wconf 89' lang='lat' dir='ltr'>Locros</span> <span class='ocrx_word' id='word_1_81' title='bbox 855 1283 926 1324; x_wconf 81' lang='lat' dir='ltr'>est</span> <span class='ocrx_word' id='word_1_82' title='bbox 954 1276 1031 1323; x_wconf 84' lang='lat' dir='ltr'>lex</span> <span class='ocrx_word' id='word_1_83' title='bbox 1058 1290 1150 1337; x_wconf 90' lang='lat' dir='ltr'>qua</span> <span class='ocrx_word' id='word_1_84' title='bbox 1179 1276 1391 1323; x_wconf 89' lang='lat' dir='ltr'>venditio</span> <span class='ocrx_word' id='word_1_85' title='bbox 1410 1275 1572 1338; x_wconf 89' lang='lat' dir='ltr'>prohi-</span> 
     </span>
     <span class='ocr_line' id='line_1_14' title="bbox 79 1359 1572 1423; baseline -0.003 -11.168"><span class='ocrx_word' id='word_1_86' title='bbox 79 1364 248 1423; x_wconf 88' lang='lat' dir='ltr'>betur,</span> <span class='ocrx_word' id='word_1_87' title='bbox 277 1364 369 1410; x_wconf 90' lang='lat' dir='ltr'>nisi</span> <span class='ocrx_word' id='word_1_88' title='bbox 396 1365 443 1410; x_wconf 88' lang='lat' dir='ltr'>in</span> <span class='ocrx_word' id='word_1_89' title='bbox 472 1362 717 1410; x_wconf 85' lang='lat' dir='ltr'>manifesta</span> <span class='ocrx_word' id='word_1_90' title='bbox 745 1361 1040 1416; x_wconf 84' lang='lat' dir='ltr'>calamitate3</span> <span class='ocrx_word' id='word_1_91' title='bbox 1077 1359 1158 1406; x_wconf 90' lang='lat' dir='ltr'>sed</span> <span class='ocrx_word' id='word_1_92' title='bbox 1188 1360 1405 1420; x_wconf 86' lang='lat' dir='ltr'>antiquas</span> <span class='ocrx_word' id='word_1_93' title='bbox 1435 1359 1572 1407; x_wconf 89' lang='lat' dir='ltr'>here-</span> 
     </span>
     <span class='ocr_line' id='line_1_15' title="bbox 27 1442 1570 1506; baseline -0.003 -11"><span class='ocrx_word' id='word_1_94' title='bbox 27 1460 41 1477; x_wconf 48' lang='lat' dir='ltr'>r</span> <span class='ocrx_word' id='word_1_95' title='bbox 81 1447 250 1495; x_wconf 89' lang='lat' dir='ltr'>ditates</span> <span class='ocrx_word' id='word_1_96' title='bbox 273 1460 466 1494; x_wconf 91' lang='lat' dir='ltr'>servare</span> <span class='ocrx_word' id='word_1_97' title='bbox 489 1446 566 1493; x_wconf 85' lang='lat' dir='ltr'>lex</span> <span class='ocrx_word' id='word_1_98' title='bbox 581 1445 715 1505; x_wconf 83' lang='lat' dir='ltr'>jubet</span> <span class='ocrx_word' id='word_1_99' title='bbox 741 1442 880 1506; x_wconf 82' lang='lat'><em>(3)...</em></span> <span class='ocrx_word' id='word_1_100' title='bbox 914 1460 938 1489; x_wconf 91' lang='lat'>»</span> <span class='ocrx_word' id='word_1_101' title='bbox 969 1442 1150 1497; x_wconf 90' lang='lat' dir='ltr'>Quibus</span> <span class='ocrx_word' id='word_1_102' title='bbox 1176 1443 1336 1489; x_wconf 88' lang='lat' dir='ltr'>verbis</span> <span class='ocrx_word' id='word_1_103' title='bbox 1363 1442 1464 1489; x_wconf 87' lang='lat' dir='ltr'>fieri</span> <span class='ocrx_word' id='word_1_104' title='bbox 1485 1458 1570 1505; x_wconf 93' lang='lat' dir='ltr'>po-</span> 
     </span>
     <span class='ocr_line' id='line_1_16' title="bbox 81 1526 1574 1591; baseline -0.003 -12.181"><span class='ocrx_word' id='word_1_105' title='bbox 81 1536 172 1579; x_wconf 81' lang='lat' dir='ltr'>test</span> <span class='ocrx_word' id='word_1_106' title='bbox 204 1537 254 1576; x_wconf 92' lang='lat' dir='ltr'>ut</span> <span class='ocrx_word' id='word_1_107' title='bbox 284 1529 620 1591; x_wconf 86' lang='lat' dir='ltr'>Epizephyrios</span> <span class='ocrx_word' id='word_1_108' title='bbox 647 1528 890 1588; x_wconf 83' lang='lat' dir='ltr'>designet3</span> <span class='ocrx_word' id='word_1_109' title='bbox 923 1541 1087 1574; x_wconf 89' lang='lat' dir='ltr'>verum</span> <span class='ocrx_word' id='word_1_110' title='bbox 1120 1526 1179 1573; x_wconf 90' lang='lat' dir='ltr'>ad</span> <span class='ocrx_word' id='word_1_111' title='bbox 1210 1526 1439 1587; x_wconf 84' lang='lat' dir='ltr'>Opuntios</span> <span class='ocrx_word' id='word_1_112' title='bbox 1471 1526 1574 1574; x_wconf 81' lang='lat' dir='ltr'>haec</span> 
     </span>
     <span class='ocr_line' id='line_1_17' title="bbox 27 1569 1573 1676; baseline -0.003 -15"><span class='ocrx_word' id='word_1_113' title='bbox 27 1569 42 1676; x_wconf 61' lang='grc' dir='ltr'>Ξ</span> <span class='ocrx_word' id='word_1_114' title='bbox 80 1613 317 1676; x_wconf 87' lang='lat' dir='ltr'>pertinere</span> <span class='ocrx_word' id='word_1_115' title='bbox 354 1611 403 1657; x_wconf 89' lang='lat' dir='ltr'>C.</span> <span class='ocrx_word' id='word_1_116' title='bbox 452 1611 618 1658; x_wconf 90' lang='lat' dir='ltr'>Muller</span> <span class='ocrx_word' id='word_1_117' title='bbox 665 1617 826 1657; x_wconf 86' lang='lat' dir='ltr'>censet</span> <span class='ocrx_word' id='word_1_118' title='bbox 866 1608 945 1671; x_wconf 72' lang='lat'>(4).</span> <span class='ocrx_word' id='word_1_119' title='bbox 988 1609 1122 1656; x_wconf 89' lang='lat' dir='ltr'>Nulla</span> <span class='ocrx_word' id='word_1_120' title='bbox 1159 1616 1315 1656; x_wconf 88' lang='lat' dir='ltr'>autem</span> <span class='ocrx_word' id='word_1_121' title='bbox 1362 1609 1453 1655; x_wconf 89' lang='lat' dir='ltr'>alia</span> <span class='ocrx_word' id='word_1_122' title='bbox 1495 1610 1573 1656; x_wconf 85' lang='lat' dir='ltr'>lex</span> 
     </span>
     <span class='ocr_line' id='line_1_18' title="bbox 80 1693 1063 1759; baseline -0.006 -15.279"><span class='ocrx_word' id='word_1_123' title='bbox 80 1696 388 1759; x_wconf 89' lang='lat' dir='ltr'>Opuntiorum</span> <span class='ocrx_word' id='word_1_124' title='bbox 417 1709 444 1742; x_wconf 89' lang='lat' dir='ltr'>a</span> <span class='ocrx_word' id='word_1_125' title='bbox 466 1694 773 1756; x_wconf 88' lang='lat' dir='ltr'>scriptoribus</span> <span class='ocrx_word' id='word_1_126' title='bbox 802 1693 946 1740; x_wconf 82' lang='lat' dir='ltr'>relata</span> <span class='ocrx_word' id='word_1_127' title='bbox 975 1700 1063 1740; x_wconf 88' lang='lat' dir='ltr'>est.</span> 
     </span>
    </p>

    <p class='ocr_par' dir='ltr' id='par_1_5' title="bbox 16 1775 1575 2339">
     <span class='ocr_line' id='line_1_19' title="bbox 147 1775 1573 1840; baseline -0.002 -14"><span class='ocrx_word' id='word_1_128' title='bbox 147 1779 284 1826; x_wconf 88' lang='lat' dir='ltr'>Plura</span> <span class='ocrx_word' id='word_1_129' title='bbox 316 1793 377 1826; x_wconf 85' lang='lat' dir='ltr'>ex</span> <span class='ocrx_word' id='word_1_130' title='bbox 413 1778 650 1840; x_wconf 85' lang='lat' dir='ltr'>lapidibus</span> <span class='ocrx_word' id='word_1_131' title='bbox 688 1776 913 1823; x_wconf 87' lang='lat' dir='ltr'>discimus</span> <span class='ocrx_word' id='word_1_132' title='bbox 952 1783 998 1822; x_wconf 89' lang='lat' dir='ltr'>et</span> <span class='ocrx_word' id='word_1_133' title='bbox 1037 1775 1366 1836; x_wconf 82' lang='lat' dir='ltr'>galaxidianus</span> <span class='ocrx_word' id='word_1_134' title='bbox 1412 1776 1573 1823; x_wconf 87' lang='lat' dir='ltr'>titulus</span> 
     </span>
     <span class='ocr_line' id='line_1_20' title="bbox 83 1859 1574 1922; baseline -0.002 -12"><span class='ocrx_word' id='word_1_135' title='bbox 83 1863 226 1910; x_wconf 89' lang='lat' dir='ltr'>multa</span> <span class='ocrx_word' id='word_1_136' title='bbox 255 1863 390 1910; x_wconf 92' lang='lat' dir='ltr'>nobis</span> <span class='ocrx_word' id='word_1_137' title='bbox 423 1862 616 1909; x_wconf 88' lang='lat' dir='ltr'>indicat.</span> <span class='ocrx_word' id='word_1_138' title='bbox 645 1862 858 1922; x_wconf 90' lang='lat' dir='ltr'>Namque</span> <span class='ocrx_word' id='word_1_139' title='bbox 885 1860 1086 1922; x_wconf 88' lang='lat' dir='ltr'>primum</span> <span class='ocrx_word' id='word_1_140' title='bbox 1105 1861 1212 1920; x_wconf 79' lang='lat' dir='ltr'>J‘ura</span> <span class='ocrx_word' id='word_1_141' title='bbox 1241 1867 1286 1906; x_wconf 83' lang='lat' dir='ltr'>et</span> <span class='ocrx_word' id='word_1_142' title='bbox 1312 1859 1465 1907; x_wconf 85' lang='lat' dir='ltr'>officia</span> <span class='ocrx_word' id='word_1_143' title='bbox 1495 1875 1574 1907; x_wconf 91' lang='lat' dir='ltr'>co-</span> 
     </span>
     <span class='ocr_line' id='line_1_21' title="bbox 31 1943 1571 2023; baseline -0.002 -29"><span class='ocrx_word' id='word_1_144' title='bbox 31 1967 51 2023; x_wconf 89' lang='lat'>3</span> <span class='ocrx_word' id='word_1_145' title='bbox 83 1946 297 1994; x_wconf 89' lang='lat' dir='ltr'>lonorum</span> <span class='ocrx_word' id='word_1_146' title='bbox 321 1946 539 2008; x_wconf 83' lang='lat' dir='ltr'>exponit3</span> <span class='ocrx_word' id='word_1_147' title='bbox 566 1945 738 1992; x_wconf 88' lang='lat' dir='ltr'>deinde</span> <span class='ocrx_word' id='word_1_148' title='bbox 764 1944 1013 1991; x_wconf 89' lang='lat' dir='ltr'>nonnullas</span> <span class='ocrx_word' id='word_1_149' title='bbox 1034 1944 1149 1990; x_wconf 86' lang='lat' dir='ltr'>alias</span> <span class='ocrx_word' id='word_1_150' title='bbox 1174 1943 1301 2004; x_wconf 82' lang='lat' dir='ltr'>leges</span> <span class='ocrx_word' id='word_1_151' title='bbox 1326 1952 1571 2003; x_wconf 77' lang='lat' dir='ltr'>memorat,</span> 
     </span>
     <span class='ocr_line' id='line_1_22' title="bbox 22 2026 1573 2091; baseline -0.001 -15"><span class='ocrx_word' id='word_1_152' title='bbox 22 2083 23 2086; x_wconf 8' lang='grc' dir='ltr'><strong>Ἴ</strong></span> <span class='ocrx_word' id='word_1_153' title='bbox 83 2043 282 2091; x_wconf 88' lang='lat' dir='ltr'>quarum</span> <span class='ocrx_word' id='word_1_154' title='bbox 312 2029 518 2090; x_wconf 79' lang='lat' dir='ltr'>cognitio</span> <span class='ocrx_word' id='word_1_155' title='bbox 545 2028 682 2076; x_wconf 91' lang='lat' dir='ltr'>nobis</span> <span class='ocrx_word' id='word_1_156' title='bbox 708 2027 835 2074; x_wconf 91' lang='lat' dir='ltr'>haud</span> <span class='ocrx_word' id='word_1_157' title='bbox 862 2026 1161 2074; x_wconf 87' lang='lat' dir='ltr'>mediocriter</span> <span class='ocrx_word' id='word_1_158' title='bbox 1187 2027 1378 2088; x_wconf 86' lang='lat' dir='ltr'>prodest</span> <span class='ocrx_word' id='word_1_159' title='bbox 1406 2034 1456 2074; x_wconf 90' lang='lat' dir='ltr'>ut</span> <span class='ocrx_word' id='word_1_160' title='bbox 1472 2029 1573 2088; x_wconf 76' lang='lat' dir='ltr'>Jus-</span> 
     </span>
     <span class='ocr_line' id='line_1_23' title="bbox 16 2030 1575 2179; baseline -0.001 -21"><span class='ocrx_word' id='word_1_161' title='bbox 16 2030 53 2179; x_wconf 88' lang='lat'>3</span> <span class='ocrx_word' id='word_1_162' title='bbox 84 2117 177 2158; x_wconf 89' lang='lat' dir='ltr'>tam</span> <span class='ocrx_word' id='word_1_163' title='bbox 205 2111 265 2157; x_wconf 91' lang='lat' dir='ltr'>de</span> <span class='ocrx_word' id='word_1_164' title='bbox 291 2110 507 2173; x_wconf 88' lang='lat' dir='ltr'>Opuntiis</span> <span class='ocrx_word' id='word_1_165' title='bbox 530 2110 799 2172; x_wconf 89' lang='lat' dir='ltr'>opinionem</span> <span class='ocrx_word' id='word_1_166' title='bbox 832 2110 1167 2171; x_wconf 89' lang='lat' dir='ltr'>concipiamus.</span> <span class='ocrx_word' id='word_1_167' title='bbox 1207 2110 1299 2157; x_wconf 87' lang='lat' dir='ltr'>Sed</span> <span class='ocrx_word' id='word_1_168' title='bbox 1328 2110 1478 2171; x_wconf 83' lang='lat' dir='ltr'>legem</span> <span class='ocrx_word' id='word_1_169' title='bbox 1507 2111 1575 2172; x_wconf 92' lang='lat' dir='ltr'>ip-</span> 
     </span>
     <span class='ocr_line' id='line_1_24' title="bbox 19 2172 733 2271; baseline -0.003 -30"><span class='ocrx_word' id='word_1_170' title='bbox 19 2172 53 2271; x_wconf 88' lang='lat'>3</span> <span class='ocrx_word' id='word_1_171' title='bbox 83 2207 182 2241; x_wconf 89' lang='lat' dir='ltr'>sam</span> <span class='ocrx_word' id='word_1_172' title='bbox 212 2208 336 2240; x_wconf 92' lang='lat' dir='ltr'>nunc</span> <span class='ocrx_word' id='word_1_173' title='bbox 362 2193 733 2241; x_wconf 91' lang='lat' dir='ltr'>consideremus.</span> 
     </span>
     <span class='ocr_line' id='line_1_25' title="bbox 34 2258 1570 2339; baseline 0.001 -17"><span class='ocrx_word' id='word_1_174' title='bbox 34 2258 53 2282; x_wconf 50' lang='lat'>³⁴</span> <span class='ocrx_word' id='word_1_175' title='bbox 147 2276 381 2339; x_wconf 88' lang='lat' dir='ltr'>Principio</span> <span class='ocrx_word' id='word_1_176' title='bbox 409 2277 682 2337; x_wconf 78' lang='lat' dir='ltr'>religionem</span> <span class='ocrx_word' id='word_1_177' title='bbox 721 2284 871 2324; x_wconf 86' lang='lat' dir='ltr'>curat.</span> <span class='ocrx_word' id='word_1_178' title='bbox 910 2276 1142 2338; x_wconf 86' lang='lat' dir='ltr'>Opuntius</span> <span class='ocrx_word' id='word_1_179' title='bbox 1185 2278 1310 2323; x_wconf 90' lang='lat' dir='ltr'>enim</span> <span class='ocrx_word' id='word_1_180' title='bbox 1346 2278 1570 2335; x_wconf 87' lang='lat' dir='ltr'>colonus,</span> 
     </span>
    </p>
   </div>
   <div class='ocr_carea' id='block_1_5' title="bbox 86 2360 1574 2422">
    <p class='ocr_par' dir='ltr' id='par_1_6' title="bbox 20 2357 1574 2422">
     <span class='ocr_line' id='line_1_26' title="bbox 86 2360 1574 2422; baseline 0 -16"><span class='ocrx_word' id='word_1_181' title='bbox 86 2373 191 2406; x_wconf 87' lang='lat' dir='ltr'>cum</span> <span class='ocrx_word' id='word_1_182' title='bbox 213 2360 302 2407; x_wconf 83' lang='lat' dir='ltr'>erit</span> <span class='ocrx_word' id='word_1_183' title='bbox 325 2360 444 2407; x_wconf 86' lang='lat' dir='ltr'>civis</span> <span class='ocrx_word' id='word_1_184' title='bbox 466 2360 710 2422; x_wconf 87' lang='lat' dir='ltr'>Naupacti,</span> <span class='ocrx_word' id='word_1_185' title='bbox 734 2374 864 2406; x_wconf 87' lang='lat' dir='ltr'>sacra</span> <span class='ocrx_word' id='word_1_186' title='bbox 882 2360 1244 2422; x_wconf 87' lang='lat' dir='ltr'>Naupactiorum</span> <span class='ocrx_word' id='word_1_187' title='bbox 1266 2360 1450 2422; x_wconf 88' lang='lat' dir='ltr'>publica</span> <span class='ocrx_word' id='word_1_188' title='bbox 1473 2374 1574 2422; x_wconf 90' lang='lat' dir='ltr'>par-</span> 
     </span>
    </p>
   </div>
   <div class='ocr_carea' id='block_1_6' title="bbox 47 2581 1232 2805">
    <p class='ocr_par' dir='ltr' id='par_1_7' title="bbox 33 2569 1232 2805">
     <span class='ocr_line' id='line_1_27' title="bbox 127 2581 418 2624; baseline -0.003 -8.244"><span class='ocrx_word' id='word_1_189' title='bbox 127 2581 171 2624; x_wconf 87' lang='lat'>(1)</span> <span class='ocrx_word' id='word_1_190' title='bbox 193 2582 258 2622; x_wconf 69' lang='grc' dir='ltr'>οι,</span> <span class='ocrx_word' id='word_1_191' title='bbox 279 2581 344 2622; x_wconf 79' lang='lat' dir='ltr'>lx,</span> <span class='ocrx_word' id='word_1_192' title='bbox 367 2582 418 2615; x_wconf 78' lang='lat'>24.</span> 
     </span>
     <span class='ocr_line' id='line_1_28' title="bbox 127 2640 836 2685; baseline 0.003 -12"><span class='ocrx_word' id='word_1_193' title='bbox 127 2641 172 2683; x_wconf 76' lang='lat'>(2)</span> <span class='ocrx_word' id='word_1_194' title='bbox 190 2640 319 2681; x_wconf 66' lang='lat' dir='ltr'>Strab„</span> <span class='ocrx_word' id='word_1_195' title='bbox 345 2641 410 2677; x_wconf 88' lang='lat' dir='ltr'>IX,</span> <span class='ocrx_word' id='word_1_196' title='bbox 432 2641 504 2675; x_wconf 73' lang='lat'><strong>425.</strong></span> <span class='ocrx_word' id='word_1_197' title='bbox 527 2640 573 2675; x_wconf 90' lang='lat' dir='ltr'>V.</span> <span class='ocrx_word' id='word_1_198' title='bbox 591 2652 706 2685; x_wconf 84' lang='lat' dir='ltr'>supra.</span> <span class='ocrx_word' id='word_1_199' title='bbox 729 2653 765 2685; x_wconf 88' lang='lat' dir='ltr'>p.</span> <span class='ocrx_word' id='word_1_200' title='bbox 787 2643 836 2676; x_wconf 84' lang='lat'>14.</span> 
     </span>
     <span class='ocr_line' id='line_1_29' title="bbox 47 2699 800 2744; baseline 0.005 -13"><span class='ocrx_word' id='word_1_201' title='bbox 47 2700 53 2744; x_wconf 61' lang='lat' dir='ltr'>J</span> <span class='ocrx_word' id='word_1_202' title='bbox 125 2699 170 2742; x_wconf 88' lang='lat'><em>(3)</em></span> <span class='ocrx_word' id='word_1_203' title='bbox 189 2700 235 2732; x_wconf 88' lang='lat' dir='ltr'>De</span> <span class='ocrx_word' id='word_1_204' title='bbox 253 2707 288 2732; x_wconf 79' lang='lat' dir='ltr'>&#39;rc</span> <span class='ocrx_word' id='word_1_205' title='bbox 306 2700 414 2741; x_wconf 80' lang='lat' dir='ltr'>publ..</span> <span class='ocrx_word' id='word_1_206' title='bbox 436 2700 484 2741; x_wconf 90' lang='lat'>11,</span> <span class='ocrx_word' id='word_1_207' title='bbox 506 2702 537 2740; x_wconf 90' lang='lat'>4,</span> <span class='ocrx_word' id='word_1_208' title='bbox 557 2701 586 2741; x_wconf 90' lang='lat'>4,</span> <span class='ocrx_word' id='word_1_209' title='bbox 607 2702 660 2735; x_wconf 88' lang='lat' dir='ltr'>ed.</span> <span class='ocrx_word' id='word_1_210' title='bbox 681 2701 800 2735; x_wconf 89' lang='lat' dir='ltr'>Didot.</span> 
     </span>
     <span class='ocr_line' id='line_1_30' title="bbox 127 2759 1232 2805; baseline 0.005 -14"><span class='ocrx_word' id='word_1_211' title='bbox 127 2759 173 2802; x_wconf 82' lang='lat'>(4)</span> <span class='ocrx_word' id='word_1_212' title='bbox 189 2760 326 2802; x_wconf 75' lang='lat' dir='ltr'>Fraqm.</span> <span class='ocrx_word' id='word_1_213' title='bbox 343 2760 494 2795; x_wconf 79' lang='lat' dir='ltr'>historic.</span> <span class='ocrx_word' id='word_1_214' title='bbox 512 2770 661 2804; x_wconf 63' lang='lat' dir='ltr'>qraecor„</span> <span class='ocrx_word' id='word_1_215' title='bbox 683 2763 737 2796; x_wconf 87' lang='lat' dir='ltr'>ed.</span> <span class='ocrx_word' id='word_1_216' title='bbox 759 2762 876 2801; x_wconf 87' lang='lat' dir='ltr'>Didot,</span> <span class='ocrx_word' id='word_1_217' title='bbox 899 2762 946 2804; x_wconf 92' lang='lat'>11,</span> <span class='ocrx_word' id='word_1_218' title='bbox 967 2773 1001 2805; x_wconf 92' lang='lat' dir='ltr'>p.</span> <span class='ocrx_word' id='word_1_219' title='bbox 1023 2762 1094 2801; x_wconf 85' lang='lat'><strong>146,</strong></span> <span class='ocrx_word' id='word_1_220' title='bbox 1114 2765 1181 2797; x_wconf 91' lang='lat' dir='ltr'>col.</span> <span class='ocrx_word' id='word_1_221' title='bbox 1203 2764 1232 2798; x_wconf 87' lang='lat' dir='ltr'>l.</span> 
     </span>
    </p>
   </div>
  </div>
 </body>
</html>
