1916 3198
344 278 395 318 42
854 292 905 319 DE
938 291 1082 320 Locnls
1111 291 1326 320 OPUNTHS.

344 383 508 416 omnes
544 369 619 415 hae
650 369 863 430 reliquiae
897 383 958 415 ex
984 368 1170 430 Opunte
1199 370 1247 415 in
1275 369 1480 415 Atalanti
1501 369 1731 430 oppidum
1766 383 1843 415 re-

343 454 525 500 centius
567 453 803 500 translatae
832 453 954 510 sint,
984 453 1111 500 haud
1149 454 1285 501 facile
1320 461 1391 500 est
1424 454 1697 515 explanare.
1727 453 1841 500 Ger-
1914 462 1916 466 '

345 551 511 583 manus
545 543 701 583 tamen
729 536 1026 598 geographus
1051 537 1261 583 Atalanti
1294 537 1501 598 antiquae
1532 536 1663 582 urbis
1690 536 1842 583 locum

345 626 523 678 tenere,
551 618 733 666 Calliari
763 620 939 678 forsan,
969 620 1202 681 opinatur
1224 618 1317 682 (l).

409 702 544 757 Quod
581 703 620 748 si
665 703 916 764 scriptores
958 702 1336 762 interrogamus,
1379 702 1493 748 nihil
1529 702 1626 748 fere
1669 702 1844 750 certius

344 785 470 846 apud
498 799 579 831 eos
606 785 884 846 reperimus.
914 785 1127 846 Namque
1153 785 1319 832 Strabo
1351 784 1624 846 quindecim
1659 785 1845 832 circiter

343 868 493 914 stadia
519 868 584 914 ait
610 868 731 914 inter
752 867 984 930 Opuntem
1012 876 1058 914 et
1085 883 1212 915 mare
1235 869 1405 928 fuisse,
1433 869 1492 914 ab
1515 867 1701 930 Opunte
1727 883 1843 917 vero

346 965 495 1012 usque
520 951 579 997 ad
603 950 781 1014 Cynum
810 952 1057 1012 sexaginta
1080 950 1174 1014 (2).
1198 951 1408 1006 Quorum
1437 966 1739 999 numerorum
1768 951 1844 999 hic

346 1048 451 1080 cum
499 1035 652 1096 spatio
694 1034 816 1081 inter
846 1036 1080 1096 Kyparissi
1114 1042 1160 1081 et
1193 1034 1370 1096 Cynum
1412 1035 1691 1097 interposito
1730 1035 1843 1082 satis

344 1116 626 1175 conveniat;
653 1116 731 1163 ille
756 1131 872 1164 vero
898 1117 1047 1178 magis
1074 1123 1306 1178 congruat
1336 1131 1441 1163 cum
1469 1117 1719 1164 intervallo
1749 1127 1845 1178 quo

343 1199 547 1244 Atalanta·
567 1213 594 1245 a
617 1199 771 1246 littore
795 1206 1059 1261 separatur.
1084 1199 1174 1246 Sed
1196 1214 1290 1260 quo
1312 1199 1452 1246 modo
1473 1199 1549 1246 hic
1572 1200 1843 1260 quindecim

344 1282 604 1329 stadiorum
639 1297 865 1329 numerus
898 1283 999 1344 (qui
1031 1283 1116 1329 tria
1153 1297 1212 1329 ex
1248 1283 1421 1330 nostris
1456 1283 1715 1330 kilometris
1750 1298 1842 1331 non

343 1363 522 1427 aequat)
553 1365 793 1412 conciliari
832 1372 975 1426 queat
1007 1380 1112 1411 cum
1147 1365 1266 1412 Livii
1300 1366 1402 1412 loco
1435 1365 1483 1411 in
1517 1380 1612 1427 quo
1643 1364 1845 1413 affirmat

346 1448 466 1494 inter
500 1447 813 1510 Opuntiorum
843 1449 1148 1510 'metropolim
1182 1456 1323 1510 atque
1356 1463 1484 1496 mare
1515 1449 1642 1496 mille
1678 1463 1843 1511 passus

344 1531 613 1578 interfuisse
650 1531 763 1594 (ΒΥ)
787 1531 875 1586 Qui
914 1547 1137 1578 numerus
1173 1533 1231 1578 ad
1267 1532 1382 1578 illud
1419 1538 1596 1578 tantum
1640 1533 1841 1595 spatium

344 1615 584 1676 pertinere
611 1630 748 1677 posse
773 1616 981 1671 videtur,
1007 1616 1133 1676 quod
1157 1616 1278 1662 inter
1298 1617 1529 1677 Kyparissi
1553 1622 1599 1662 et
1616 1615 1841 1678 Euripum

345 1698 607 1757 interjacet.
648 1699 697 1744 ln
739 1698 812 1745 his
851 1698 992 1759 igitur
1031 1698 1398 1745 indicationibus
1437 1698 1734 1745 manifestum
1772 1708 1844 1747 est

343 1781 547 1842 aliquem
586 1795 792 1829 errorem
833 1782 1005 1828 inesse.
1037 1781 1200 1842 Neque
1228 1781 1369 1839 illud,
1399 1782 1527 1842 quod
1554 1783 1618 1828 ait
1647 1782 1839 1840 Strabo,

343 1864 578 1926 Opuntem
634 1864 814 1911 scilicet
860 1863 1170 1911 phocensium
1220 1864 1406 1926 oppidis
1446 1864 1650 1926 Panopei
1701 1873 1842 1927 atque

344 1948 622 2010 Hyampoli,
653 1963 851 2009 quarum
888 1949 1007 1995 situs
1046 1955 1117 1995 est
1144 1948 1280 1996 nobis
1318 1949 1562 2009 cognitus,
1594 1949 1838 1996 finitimam

347 2031 491 2078 fuisse
520 2029 621 2094 (4),
655 2031 851 2077 multum
886 2045 970 2077 nos
1010 2031 1206 2091 adjuvat
1237 2049 1246 2077 ε
1278 2032 1475 2078 verbum
1513 2033 1636 2080 enim
1671 2039 1837 2096 ὁμορεῖ,

345 2129 440 2176 quo
491 2114 788 2176 geographus
838 2116 1013 2172 utitur,
1056 2115 1170 2160 nihil
1218 2123 1396 2162 certum
1439 2115 1700 2177 significat,
1754 2131 1840 2165 nec

347 2198 518 2244 rudera
562 2198 736 2244 circum
781 2200 1013 2259 Kyparissi
1054 2213 1215 2260 sparsa
1262 2199 1416 2260 potius
1459 2213 1598 2260 quam
1639 2200 1841 2246 Atalanta·

344 2281 579 2342 designat.
607 2280 856 2328 Castellum
884 2296 998 2328 vero
1022 2282 1189 2340 OEum,
1211 2283 1337 2343 quod
1363 2282 1487 2329 idem
1512 2282 1711 2343 scriptor
1734 2296 1839 2330 con-

387 2487 432 2529 (l)
458 2488 520 2530 Op.
543 2488 615 2526 cit„
641 2488 672 2525 1,
698 2498 732 2530 p.
758 2487 825 2520 192.

385 2547 430 2588 (Ἰ)
451 2548 579 2585 Strnb..
600 2547 664 2587 lx,
686 2547 755 2582 425.

387 2607 431 2647 (3)
455 2607 543 2644 btv..
568 2605 739 2647 xxvm,
761 2606 792 2640 θ.

387 2665 435 2706 (4)
453 2665 567 2699 Str-nb.
585 2689 594 2706 ,
624 2665 674 2698 IX
689 2690 698 2705 ,
721 2666 792 2699 416.
824 2683 864 2690 -
893 2667 971 2706 Quo
995 2668 1072 2699 loco
1099 2667 1221 2699 saltem
1247 2665 1456 2708 Hyampolis
1479 2665 1655 2707 extiterit,
1683 2665 1835 2703 ocimum

345 2724 426 2764 nod,
447 2725 476 2757 ul
495 2724 677 2758 nuendum
706 2728 762 2758 est
784 2726 912 2758 tabuloe
941 2725 1046 2758 ‹lictoe
1072 2726 1169 2758 Car-ee
1193 2725 1234 2758 de
1254 2724 1355 2758 l'Etat
1376 2724 1486 2766 major
1502 2724 1677 2768 franpaie,
1698 2725 1838 2759 videtur

353 2782 535 2825 Panopeos
552 2784 642 2816 situm
660 2793 741 2817 cum
761 2784 944 2817 Strabonis
965 2784 1165 2817 testimonio
1183 2784 1326 2816 inluime
1345 2792 1538 2825 congruere
1556 2792 1672 2826 posse.
