1916 3198
311 255 362 298 30
826 265 877 294 nn
908 264 1054 294 Locms
1083 263 1293 294 oPUNTus.

309 355 452 409 atque
481 346 828 393 Orchomenum
864 344 1139 402 dimicaret,
1178 344 1364 390 turbata
1402 348 1474 389 est
1510 355 1674 387 rursus
1699 339 1812 387 hos-

311 432 427 478 tium
473 429 821 477 incursionibus
869 429 1123 475 Locrorum
1174 427 1305 488 regio
1352 443 1362 471 :
1411 425 1496 473 sed
1544 432 1641 471 tum
1685 424 1813 485 apud

310 515 563 576 scriptores
596 511 910 574 Opuntiorum
941 523 1113 559 nomen
1144 524 1236 557 non
1269 509 1473 556 occurrit
1501 506 1604 571 (i)..

377 597 434 644 Ut
472 596 854 643 animadvertere
893 594 1000 641 licet
1036 609 1097 640 ex
1133 593 1190 640 iis
1226 607 1334 655 quae
1373 593 1432 639 de
1473 591 1565 638 illis
1603 590 1814 638 breviter

311 682 538 740 diximus,
561 694 587 726 a
611 679 777 741 persici
802 678 912 725 belli
936 686 1146 739 tempore
1166 691 1328 724 eorum
1349 676 1420 723 vis
1442 682 1586 736 atque
1604 674 1813 736 potentia

312 765 582 812 continuam
605 763 701 809 fere
719 762 1090 808 deminutionem
1114 774 1248 822 passa
1267 766 1354 806 est.
1375 759 1488 805 Nam
1513 758 1560 804 in
1580 758 1658 805 illa
1676 763 1814 804 aetate

311 862 404 909 qua
437 861 541 894 cum
577 844 788 892 barbaris
826 844 1100 890 certandum
1149 851 1278 899 erat,
1312 841 1644 904 praepollentes
1678 840 1814 887 nobis

311 936 539 992 apparent
563 928 773 990 Opuntii,
805 941 961 989 neque
987 927 1079 973 ulla
1104 941 1250 988 prope
1278 926 1368 972 alia
1392 940 1526 987 gens,
1558 925 1605 970 in
1629 930 1816 986 sept-en-

313 1013 499 1060 trionali
522 1013 728 1070 Graecia,
758 1010 1130 1058 Atheniensibus
1159 1010 1401 1071 exceptis,
1424 1024 1530 1055 cum
1560 1009 1650 1055 illis
1678 1022 1815 1069 aeque

311 1097 574 1158 comparari
598 1102 756 1157 queat.
782 1095 918 1150 Tum,
948 1101 1192 1141 crescente
1220 1091 1583 1139 Atheniensium
1606 1098 1652 1138 et
1677 1092 1816 1138 Lace-

313 1179 653 1227 daemoniorum
677 1178 1016 1236 dominatione,
1041 1177 1215 1223 sensim
1240 1184 1536 1238 premuntur,
1560 1174 1741 1222 auxiliu
1753 1189 1816 1220 m-

313 1278 406 1325 que
422 1264 526 1311 aliis
544 1263 670 1309 baud
691 1262 994 1309 temnendum
1012 1242 1288 1322 suppetunt,
1306 1260 1389 1306 sed
1410 1259 1455 1305 in
1476 1259 1657 1320 magnis
1673 1259 1815 1305 rebus

313 1362 420 1408 quae
449 1362 530 1408 per
564 1353 707 1393 totam
734 1346 969 1392 Graeciam
999 1350 1205 1404 aguntur
1233 1382 1242 1400 ,
1282 1343 1514 1389 secundas
1540 1345 1633 1403 jam
1663 1350 1817 1404 partes

316 1437 494 1477 tenent.
525 1430 633 1476 Post
659 1429 923 1490 Philippum
954 1442 1097 1482 vero,
1141 1426 1297 1474 Locris
1329 1425 1379 1472 fit
1405 1427 1540 1487 quasi
1571 1433 1815 1472 transeun-

315 1514 439 1560 tibus
459 1514 560 1573 via3
578 1514 677 1574 Jam
702 1512 925 1570 nihilest,
953 1511 1044 1558 nisi
1069 1511 1131 1558 ad
1152 1511 1491 1573 Thermopylas
1514 1510 1619 1568 iter,
1639 1510 1819 1557 scilicet

315 1598 373 1644 ad
399 1604 556 1659 portas
587 1611 667 1658 per
693 1611 810 1658 quas
837 1595 994 1643 omnis
1030 1596 1076 1641 in
1114 1595 1343 1641 Graeciam
1381 1594 1530 1641 hostis
1566 1593 1813 1656 irrumpit;

317 1681 495 1743 primus
523 1688 593 1727 est
624 1695 737 1741 ager
769 1694 910 1741 quem
939 1685 1126 1726 vastant
1153 1686 1298 1739 atque
1328 1684 1580 1739 occupant.
1610 1676 1817 1724 Tandem

316 1765 549 1812 fortunam
581 1764 794 1825 sequitur
821 1763 1079 1809 AEtolorum
1100 1797 1112 1819 ,
1140 1761 1187 1807 id
1219 1767 1292 1808 est
1319 1760 1478 1822 populi
1507 1761 1641 1820 cujus
1669 1760 1818 1807 virtus

317 1855 365 1895 et
392 1856 612 1909 tanquam
638 1845 865 1906 juvenilis
887 1845 1074 1892 animus
1098 1858 1350 1906 supremos
1373 1843 1566 1890 Graeciae
1591 1843 1818 1890 libertatis

318 1932 420 1978 dies
442 1930 676 1977 illuminat
707 1946 716 1975 :
744 1943 946 1990 quorum
977 1928 1056 1974 fati
1091 1927 1378 1990 participeS,
1406 1941 1512 1973 cum
1538 1927 1594 1973 iis
1622 1933 1820 1989 pereunt

317 2014 527 2077 Opuntii.

386 2099 434 2145 ln
469 2098 555 2144 bac
590 2105 749 2144 autem
788 2096 925 2156 longa
952 2096 1183 2143 bellorum
1210 2096 1333 2142 serie
1361 2095 1543 2158 opuntii
1575 2096 1675 2156 agri
1702 2094 1819 2143 fines

318 2182 493 2245 saepius
518 2187 721 2228 mutatos
740 2181 884 2227 fuisse
901 2180 1149 2226 discimus,
1173 2179 1284 2226 Pars
1309 2179 1434 2226 enim
1449 2178 1657 2240 regionis
1676 2192 1820 2241 penes

320 2266 584 2313 Phocenses
617 2265 703 2310 fuit
726 2279 780 2311 ac
820 2270 980 2326 postca
1006 2263 1240 2325 Opuntiis,
1268 2269 1348 2309 aut
1375 2263 1530 2325 potius
1557 2262 1819 2324 Epicnemi-

322 2349 412 2396 diis
442 2348 625 2396 reddita
654 2356 724 2396 est
757 2346 850 2411 (2).
888 2347 960 2393 Ad
994 2347 1165 2394 ostium
1203 2346 1385 2409 Cephisi
1421 2347 1683 2409 Larymna,
1713 2360 1820 2392 cum

319 2432 630 2495 Opuntiorum
661 2438 815 2489 essct,
851 2430 1055 2477 boeotica
1087 2431 1205 2477 sacta
1233 2437 1336 2488 est,
1369 2429 1452 2476 sed
1485 2428 1674 2490 quando
1702 2428 1820 2475 facta

321 2516 398 2576 sit,
427 2516 699 2577 ignoramus
726 2512 820 2578 (3).
850 2515 963 2561 ltcm
991 2514 1158 2561 Strabo
1181 2514 1303 2560 inter
1327 2512 1521 2560 Boeotiae
1542 2511 1715 2573 oppida
1739 2512 1824 2558 Ha-

368 2651 411 2692 (Ι)
437 2649 479 2685 V.
502 2655 617 2683 tamen
641 2650 748 2690 plut..
768 2649 877 2692 Sylla,
901 2648 951 2683 20.

363 2712 407 2751 (2)
429 2712 468 2743 V.
491 2720 607 2753 suprn,
631 2721 664 2753 p.
683 2711 734 2749 ¹25,
757 2720 790 2742 n.
812 2710 843 2742 2.

362 2772 410 2810 (15oe
434 2771 604 2811 Pau-mn..
631 2770 676 2801 lx
696 2797 702 2806 ,
721 2771 773 2807 23,
794 2768 823 2800 7.
849 2768 897 2801 Dc
919 2769 1105 2810 Larymna,
1129 2777 1233 2809 ιμιιιιιι
1256 2766 1416 2801 nonnulli
1435 2766 1593 2801 Boeotico
1615 2767 1737 2801 toederi
1756 2768 1821 2801 ad-
