1916 3198
329 285 379 323 72
847 296 899 324 nn
929 295 1074 325 Locrus
1103 295 1312 325 OPUNTIIS.

330 374 529 434 laverit,
564 375 692 421 mille
713 373 1023 436 Opuntiorum
1053 375 1386 436 plerorumque
1414 375 1685 422 colonorum
1713 387 1823 422 con·

330 457 436 504 silio
480 457 752 518 judicetur3
809 471 836 503 a
886 471 1108 518 supremo
1154 463 1310 504 autem
1358 457 1568 519 opuntiae
1619 455 1825 504 civitatis

334 540 626 601 magistratu,
656 541 716 587 ab
740 542 853 603 ἀρχῷ
875 540 1072 599 scilicet,
1098 541 1319 602 puniatur
1344 539 1435 603 (l).

397 613 605 685 Apparet
625 624 767 684 igitur
789 638 850 670 ex
871 623 944 670 his
963 623 1211 685 Opuntios,
1237 624 1403 685 quinto
1416 624 1513 684 J'am
1539 637 1583 670 a.
1605 622 1654 669 C.
1682 638 1729 669 n.
1751 637 1827 670 se·

333 707 458 766 culo,
488 707 644 769 amplo
670 708 827 768 legum
854 721 1052 769 corpore
1073 707 1218 754 fuisse
1246 708 1516 760 instructos.
1545 706 1661 762 Quae
1687 720 1826 769 quam

334 791 485 837 doctae
508 798 683 849 essent,
707 805 944 853 quamque
964 790 1214 851 diligenter
1234 791 1507 850 elaboratae,
1531 805 1593 837 ex
1614 790 1703 838 hoc
1725 804 1831 853 spe-

334 874 506 920 cimine
527 874 763 921 aestimare
791 889 1058 936 possumus.

399 957 490 1003 Sed
516 957 724 1004 diximus
751 957 1103 1018 galaxidianum
1129 957 1313 1004 titulum
1339 958 1399 1004 de
1421 957 1706 1019 quibusdam
1728 957 1833 1004 aliis

335 1039 644 1101 Opuntiorum
681 1041 863 1102 legibus
894 1055 977 1088 nos
1012 1041 1236 1087 certiores
1264 1041 1436 1088 lacere.
1466 1041 1670 1087 Primum
1707 1041 1832 1087 enim

337 1122 555 1169 videmus
581 1137 746 1170 omnes
771 1124 987 1170 civitates
1017 1137 1153 1184 quae,
1179 1123 1268 1170 sub
1297 1122 1496 1184 imperio
1523 1129 1607 1169 aut
1633 1122 1835 1169 auctori-

338 1213 432 1253 tate
449 1206 613 1253 saltem
630 1206 827 1269 Opuntis
844 1208 988 1270 ἀρχοῦ,
1005 1206 1317 1268 Opuntiorum
1333 1221 1430 1252 rem
1447 1205 1684 1268 publicam
1705 1219 1835 1252 cons·

339 1291 597 1347 tituebant,
644 1291 742 1336 suis
784 1304 1022 1351 quamque
1060 1289 1244 1350 legibus
1281 1303 1388 1335 usas
1426 1303 1557 1336 esse.
1606 1288 1741 1343 Quod
1777 1303 1838 1335 ex

339 1373 648 1433 sequentibus
683 1373 803 1419 tituli
848 1373 961 1419 locis
998 1372 1232 1435 conjicere
1269 1372 1377 1419 licet
1410 1389 1419 1416 :
1456 1389 1478 1416 «
1592 1372 1720 1419 Bona
1756 1385 1838 1419 co-
1882 1427 1887 1429 ‚

340 1455 554 1501 lonorum
605 1455 650 1501 in
702 1455 1085 1518 Hypocnemidiis
1120 1455 1208 1502 sita
1247 1454 1732 1517 Hypocnemidiorum
1773 1455 1841 1502 le·

340 1553 422 1599 ges
462 1545 691 1600 reguum,
733 1546 783 1585 ut
821 1540 866 1585 in
899 1553 1088 1600 quaque
1127 1538 1610 1601 Hypocnemidiorum
1646 1539 1841 1587 civitate

342 1636 443 1669 mos
476 1637 527 1669 se
558 1622 730 1682 habet,
770 1640 792 1667 ›)
822 1627 927 1675 ὅπως
964 1625 990 1667 ἀ
1015 1624 1135 1675 πόλις
1158 1622 1372 1669 Ρεκοὶστων
1398 1620 1540 1686 νομίζῃ
1571 1630 1731 1686 Λοκρῶν
1758 1629 1840 1668 τῶν

348 1703 668 1768 ’Υποκναμιδίων
694 1705 778 1768 (2).
805 1707 918 1753 Item
951 1724 961 1751 ι
997 1723 1020 1750 «
1048 1706 1095 1752 Si
1125 1706 1259 1767 quis,
1288 1706 1563 1754 colonorum
1597 1706 1724 1766 leges
1756 1706 1841 1752 ob-

342 1803 556 1847 servans,
582 1789 924 1836 Percothariam
954 1797 1033 1835 aut
1060 1790 1341 1852 Mysacheon
1368 1789 1656 1850 regreditur,
1674 1789 1843 1836 civita·

346 1873 403 1919 tis
435 1887 534 1919 suae
566 1873 748 1933 legibus
781 1874 877 1933 jam
913 1873 1150 1920 obnoxius
1185 1880 1312 1931 csto,
1351 1890 1372 1916 »
1408 1879 1496 1925 τοῖς
1525 1877 1656 1918 αὐτῶν
1688 1873 1844 1934 νομίοις

345 1963 523 2019 χρῆσται
548 1959 656 2002 κατὰ
680 1959 802 2002 πόλιν
831 1957 1059 2009 Ρεκοίστους
1091 1955 1182 2020 (3).
1213 1956 1325 2002 Tun]
1364 1974 1372 2000 t
1412 1976 1434 2000 u
1464 1956 1509 2002 Si
1545 1957 1709 2002 fratres
1735 1962 1846 2002 sunt

345 2039 513 2086 colono
535 2039 820 2101 Naupactum
845 2040 1093 2095 habitanti,
1120 2039 1183 2085 illi
1206 2039 1518 2097 succedunt0‚
1544 2046 1595 2085 ut
1617 2039 1846 2100 cujusque

348 2122 824 2184 Hypocnemitlioruui
855 2123 1060 2170 civitatis
1088 2123 1164 2169 lex
1199 2123 1361 2182 jubet,
1395 2140 1417 2167 »
1449 2126 1556 2175 ὅπως
1581 2123 1651 2167 καὶ
1682 2128 1844 2184 Λοκρῶν

348 2214 428 2251 τῶν
462 2203 781 2268 ’Υποκναμιδίων
813 2206 1026 2252 Pandarum
1056 2210 1177 2270 νόμος
1205 2208 1292 2252 ἐστί
1319 2204 1409 2269 (4).
1444 2204 1577 2252 Unde
1600 2204 1846 2252 manifesto

349 2296 543 2350 apparet
564 2303 727 2336 omnes
753 2288 1062 2351 Opuntiorum
1092 2290 1308 2337 civitates
1337 2289 1549 2351 proprias
1577 2302 1686 2335 suas
1720 2287 1846 2348 leges

352 2371 602 2432 habuisse;
639 2387 733 2433 quo
769 2372 1073 2420 confirmatur
1099 2373 1239 2420 ctiam
1279 2373 1324 2419 id
1361 2372 1487 2434 quod
1526 2371 1843 2431 conjecimus,

392 2558 438 2599 (l)
459 2558 558 2592 Vere.
578 2560 686 2593 3844.

391 2618 437 2659 (2)
460 2617 558 2650 Vera.
588 2619 706 2652 22-27.
738 2639 775 2645 -
802 2619 957 2655 Verbum
983 2623 1119 2665 Λοκρῶν
1150 2621 1186 2653 in
1214 2621 1280 2655 hoc
1306 2621 1384 2654 loco
1413 2618 1568 2653 litteram
1597 2618 1712 2661 κουροι
1738 2626 1802 2660 pro
1827 2628 1848 2652 κ

354 2677 509 2710 exhibet.

399 2736 444 2777 (3)
466 2735 565 2770 Vers.
587 2737 639 2777 27,
662 2738 715 2771 28.

401 2794 444 2836 (4)
468 2793 568 2828 Vera.
585 2796 636 2837 29,
659 2797 711 2830 30.
