1916 3198
440 290 495 323 nn
522 288 793 332 firmamo,
826 291 983 322 mrtem
1012 293 1067 322 Εἰ·
1096 293 1304 323 m'rrmus.
1569 279 1616 321 81

131 379 232 420 erat
266 371 345 419 illa
380 371 540 420 dorica
573 371 830 430 dialectuS,
869 379 952 419 aut
980 372 1135 434 potius
1173 386 1392 420 sermone
1415 372 1622 434 quodam

133 455 386 502 utebantur
412 455 535 502 inter
559 468 735 501 meram
763 462 810 501 et
838 455 1096 516 mitigatam
1129 455 1337 502 doricam
1371 456 1624 503 dialectum

135 539 310 598 medio,
341 552 434 586 non
461 538 564 586 sine
590 537 817 585 affinitate
843 539 1002 600 aliqua
1028 554 1134 586 cum
1161 539 1325 587 aeolico
1358 540 1626 588 Boeotorum
1694 578 1698 581 ,

3 625 7 631 ’
47 670 53 674 ⁷,
134 622 324 670 dicendi
351 636 543 682 genere.
573 621 682 668 Post
706 620 842 668 Allen
876 630 1032 669 autem
1048 658 1062 681 ,
1095 630 1199 684 post
1224 631 1441 670 accurate
1470 623 1628 670 elabo-

135 712 282 753 ratam
311 705 722 768 disceptationem,
752 719 920 766 quam,
950 706 1291 753 auxiliantibus
1315 705 1627 767 Opuntiorum

139 795 282 850 atque
314 787 560 836 Ozolarnm
592 788 766 847 titulis,
795 789 855 835 de
881 789 1132 836 Locrorum
1169 788 1371 836 dialecto
1407 796 1454 836 et
1476 803 1631 849 gram·

50 857 54 910 s
139 872 308 920 matica
348 871 641 933 composuit,
672 871 905 918 temerarii
940 872 1149 933 profecto
1182 872 1450 935 videamur,
1476 873 1516 919 si
1551 887 1632 934 ag-

137 955 410 1016 grediamur
437 954 498 1001 de
524 954 720 1016 opuntio
742 968 963 1002 sermone
991 969 1115 1001 nunc
1143 955 1397 1002 disserere.
1424 956 1490 1002 De
1516 970 1631 1017 quo,

137 1045 247 1085 ante
275 1036 440 1095 Allen,
468 1035 652 1083 Ahrens
679 1051 825 1099 pauca
855 1051 940 1084 nos
969 1038 1194 1085 docuerat
1216 1036 1319 1101 (l);
1350 1053 1458 1085 nam
1487 1039 1635 1085 docu-

54 1183 55 1186 ,
139 1126 294 1168 menta
336 1127 433 1166 tum
470 1120 684 1167 deerant.
727 1121 793 1168 De
820 1122 986 1168 eadem
1018 1136 1134 1169 vero
1172 1122 1393 1181 materie,
1435 1131 1481 1169 et
1525 1123 1638 1170 Evs-

141 1204 352 1252 tratiadis
378 1204 559 1252 consuli
587 1212 756 1267 potest,
787 1202 908 1268 λρχ.
941 1210 1110 1269 ionga„
1137 1203 1202 1263 B‘‚
1231 1205 1408 1267 discepe.
1438 1210 1513 1254 cit.

206 1287 359 1334 Unum
394 1287 620 1348 quiddam
663 1288 1016 1346 addiderimus,
1051 1302 1113 1336 ex
1150 1289 1295 1336 titulis
1338 1290 1511 1336 nostris
1553 1290 1638 1336 de-

142 1377 438 1434 promptum,
478 1370 538 1417 de
576 1371 929 1432 orthographia.
976 1372 1177 1433 Nempe,
1222 1373 1268 1418 in
1306 1373 1639 1434 antiquissimo

142 1453 379 1502 scribendi
424 1468 626 1514 genere,
669 1454 847 1516 duplex
884 1454 1038 1513 littera
1066 1452 1088 1508 ξ
1114 1455 1299 1502 duabus
1341 1456 1637 1517 simplicibus

143 1537 310 1585 litteris
336 1555 393 1598 χσ
418 1535 727 1594 efficiebatur,
752 1537 874 1584 sicut
899 1538 1024 1599 apud
1050 1536 1364 1584 Athenienses
1388 1537 1479 1601 (2).

208 1613 284 1660 111.
310 1640 370 1648 -
393 1613 460 1659 De
484 1612 794 1673 scriptoribus
821 1619 977 1658 autem
1006 1612 1316 1674 Opuntiorum
1348 1613 1462 1659 nihil
1494 1628 1641 1676 prope

14 1718 16 1724 >
58 1743 59 1746 ,
143 1696 478 1758 comperimus.
509 1695 697 1743 Scilicet
723 1710 783 1747 ex
818 1695 1054 1757 Opuntiis,
1087 1695 1259 1754 Ozolis,
1294 1696 1638 1758 Epizephyriis,

15 1784 17 1791 ’
144 1779 193 1826 hi
229 1785 408 1826 tantum
444 1778 649 1839 aliquam
692 1778 739 1824 in
771 1778 938 1824 litteris
979 1779 1148 1824 samam
1188 1779 1347 1840 adepti
1386 1780 1533 1827 fuisse
1565 1780 1641 1826 vi-

17 1867 20 1928 j
72 1875 74 1878 ’
145 1862 351 1921 dentur,
390 1867 437 1908 et
476 1861 662 1923 quoties
696 1861 877 1922 antiqui
916 1862 1022 1908 libri
1067 1869 1251 1923 poetam
1281 1864 1535 1924 quemdam
1572 1864 1643 1910 lo-

145 1959 275 1992 crum
307 1951 594 2003 memorant,
624 1945 947 2007 Epizephyriis
972 1945 1011 1991 is
1037 1952 1109 1992 est
1137 1946 1470 2007 assignandus.
1504 1947 1639 2001 Quod

36 2082 45 2101 ³
147 2026 393 2076 confirmat
418 2028 648 2075 Pindarus
676 2028 723 2074 in
742 2028 926 2076 decimo
946 2029 1299 2091 Olympicorum
1326 2031 1553 2088 carmine,
1578 2031 1640 2076 ad

20 2121 46 2179 ῖς,
74 2172 78 2174 .
106 2147 111 2153 .
149 2111 512 2174 Epizephyrium
539 2110 876 2172 Agesidamum
906 2113 1171 2174 pertinente
1197 2113 1271 2174 (3)
1301 2129 1315 2160 ε

22 2195 50 2216 1²
78 2219 80 2222 ,

527 2247 638 2300 Νέμει
659 2246 725 2303 γὰρ
757 2247 939 2304 Ἀτρέκεια
961 2249 1063 2289 πόλιν
1086 2253 1231 2304 Λοκρῶν

525 2319 701 2374 Ζεφυρίων
727 2334 737 2346 ·
765 2321 864 2372 μέλει
884 2319 923 2360 τέ
947 2336 1044 2375 σφισι
1064 2319 1252 2361 Καλλιόπα

527 2390 588 2431 καὶ
609 2392 761 2444 χάλκεος
787 2389 914 2446 '‘Ap-qe.
1285 2400 1289 2402 '

218 2516 313 2564 Nec
352 2517 591 2565 immerito
622 2535 632 2564 z
664 2532 868 2579 namque
906 2518 1076 2565 tradita
1115 2526 1187 2566 est
1226 2520 1362 2567 nobis
1407 2519 1648 2568 Xenocriti

200 2684 244 2726 (t)
265 2685 311 2717 De
327 2694 424 2726 qraec.
446 2685 533 2728 linq.
554 2685 656 2726 dial„
678 2686 706 2727 Ι,
726 2697 761 2729 p.
778 2686 853 2729 234,
876 2687 907 2723 2.
924 2686 977 2720 Cf.
1000 2687 1045 2725 11.
1064 2698 1098 2730 p.
1123 2688 1172 2720 11.

197 2742 242 2783 (2)
258 2741 304 2776 V.
325 2752 443 2786 supra.
461 2753 498 2786 p.
521 2744 574 2786 44,
599 2745 800 2788 Ἐξάγνετος.

202 2801 248 2845 (3)
267 2802 386 2844 Ρίηᾱ.,
409 2803 476 2846 Ol„
498 2803 544 2845 X,
567 2803 604 2838 17
623 2814 698 2847 sqq.
