1916 3198
340 218 393 248 nn
423 215 702 247 OPUNTIORUM
731 214 951 255 c1v1'rA'r13,
982 215 1160 246 memus
1188 214 1328 250 A'romz
1358 214 1556 245 nonmus-
1651 202 1702 242 77

199 295 577 358 septentrionalis
608 295 809 342 Graeciae
835 295 1034 357 populos
1070 294 1214 342 validi
1255 308 1370 341 sane
1396 300 1538 356 atque
1569 293 1701 356 politi

199 377 508 426 habebantur.
533 377 654 434 Quid
685 384 847 425 autem
874 378 932 425 de
958 378 1033 424 his
1057 384 1343 424 censuerunt
1363 376 1697 432 Athenienses,
1719 376 1723 379 ’

198 459 458 508 alienorum
511 475 681 522 nempe
736 461 964 508 vitiorum
1021 461 1349 522 bonorumque
1398 460 1525 507 haud
1575 460 1700 521 aequi

198 557 412 605 semper,
474 546 562 590 etsi
608 558 700 591 non
748 544 930 606 illepidi
980 544 1323 591 aestimatores?
1372 541 1701 604 Aristophanis

198 625 376 673 scilicet
404 626 594 687 quidam
631 641 798 674 versus
829 627 989 688 aliqua
1019 627 1063 672 in
1091 625 1321 688 Opuntios
1347 625 1700 686 contemptione

198 722 291 756 non
334 709 556 755 immunis
594 724 699 756 esse
738 710 946 757 videtur.
986 709 1196 770 Namque
1236 709 1283 755 in
1321 708 1554 756 comoedia
1592 721 1699 769 quae

197 793 313 838 Aves
339 792 563 855 inscripta
591 799 687 851 est,
717 793 908 855 quidam
937 791 1173 840 exclamat
1204 809 1212 836 :

578 956 678 997 Ἀλλ’
699 956 803 1011 ἔγωγ’
832 956 1037 1002 Ὀπούντιος

465 1030 527 1068 οὐκ
546 1027 587 1068 ἂν
606 1028 768 1082 γενοίμην
792 1028 848 1069 ἐπὶ
870 1028 1032 1084 ταλάντῳ
1052 1029 1197 1084 χρυσίου
1215 1027 1293 1082 (1).

263 1191 432 1238 Suidas
458 1205 574 1239 vero
607 1205 692 1238 nos
727 1198 887 1239 monet
915 1191 1189 1252 ambiguam
1225 1191 1358 1238 verbi
1392 1190 1696 1253 significatio-

199 1288 306 1322 nem
345 1273 393 1320 in
429 1274 518 1322 hoc
554 1288 696 1322 versu
732 1274 920 1333 inesse3
958 1272 1198 1327 Ὀπούντιος
1231 1289 1400 1337 nempe
1436 1276 1695 1323 caecitatem

200 1357 409 1404 indicare
440 1355 533 1421 (2).
568 1357 661 1404 Sed
702 1357 1009 1405 nihilominus
1045 1357 1277 1419 Opuntios
1315 1359 1499 1406 mordet
1538 1366 1693 1421 poeta.

198 1439 335 1495 Quod
362 1455 525 1502 parum
553 1441 851 1499 mirabimur,
870 1441 909 1487 si
938 1441 984 1487 in
1011 1441 1284 1488 memoriam
1310 1442 1696 1489 revocaverimus

201 1523 328 1570 illam
367 1525 647 1572 comoediam
686 1539 811 1573 anno
847 1524 938 1570 4⁴4
973 1533 1355 1587 repraesentatam
1390 1526 1559 1584 fuisse,
1589 1541 1695 1573 cum

200 1606 247 1653 in
278 1607 434 1654 Sicilia
467 1608 642 1655 bellum
678 1614 944 1669 gereretur,
974 1615 1116 1670 atque
1147 1608 1368 1670 Opuntii,
1398 1609 1695 1658 Lacedaemo-

199 1691 384 1739 niorum
410 1691 551 1751 socii,
580 1690 778 1740 Athenis
804 1693 908 1740 sine
934 1692 1081 1739 dubio
1108 1692 1228 1739 male
1253 1692 1492 1740 audirent.

241 1862 287 1905 (l)
305 1864 379 1904 Av„
403 1863 473 1898 153.

240 1921 285 1965 (2)
303 1922 416 1964 Suid..
435 1933 463 1958 s.
483 1934 517 1959 v.
541 1923 806 1964 Ὀπούντιος.
