1916 3198
124 0 161 17 κ’..μ

557 236 750 266 nneroms
779 236 1039 266 nascmp'mo.
1498 222 1547 264 35

62 314 170 365 Erat
186 323 232 366 et
251 317 415 376 altera,
435 315 560 364 haud
582 315 743 378 procul
763 315 823 362 ab
842 315 946 374 hac,
962 315 1210 378 Larymna,
1225 327 1366 376 quam
1381 314 1550 362 Strabo

63 400 219 447 Locris
253 400 487 462 assignat,
513 412 716 460 quaeque
751 399 944 461 Λάρυμνα
967 403 991 448 ἢ
1025 397 1106 443 ἅνω
1140 398 1200 444 31)
1232 397 1312 444 illo
1344 397 1547 457 dicitur3

64 497 170 544 quae
196 483 383 530 condita
413 483 563 529 fuerat
588 495 615 527 a
641 481 862 528 Romanis
890 481 937 527 in
965 495 1022 528 eo
1049 481 1152 528 loco
1178 481 1258 526 ubi
1285 480 1514 542 Cephisus
1532 515 1548 542 ‚

65 572 309 627 postquam
336 565 671 613 subterraneus
700 564 847 611 factus
873 570 970 623 est,
997 564 1103 610 luci-
1125 578 1289 610 rursus
1315 563 1546 610 redditur.

63 645 125 694 At
151 648 278 709 regio
304 649 350 694 in
375 662 467 710 qua
495 647 572 694 illa
594 648 820 710 surgebat
845 647 1104 710 Larymna,
1136 646 1396 693 secundum
1424 646 1551 692 Stra-

64 729 233 778 bonem
252 767 263 788 ,
298 728 440 794 Ἀγχόη
469 731 756 789 vocabatur3
790 737 836 778 et
860 737 960 777 erat
986 744 1131 792 prope
1161 730 1329 777 eodem
1363 729 1553 775 nomine

64 813 454 877 palus-appellata
479 812 571 876 (⁴).
602 814 761 872 Nunc,
797 814 836 860 si
863 813 1094 875 quasdam
1129 819 1283 874 petras
1319 812 1366 858 in
1400 812 1550 871 colle,

65 894 190 943 haud
218 897 379 958 procul
411 911 439 943 a
466 897 660 944 dextera
686 896 872 958 Cephisi
900 896 1001 959 ripa
1020 934 1030 952 ,
1060 910 1248 958 sparsas
1276 897 1520 957 exceperis
1538 932 1551 955 ‚

65 979 187 1047 nihil,
207 994 266 1026 ex
294 979 373 1026 illo
400 980 575 1041 oppido
599 986 765 1038 restat,
805 979 933 1040 quod
959 979 1203 1026 Pausaniae
1229 986 1438 1040 tempore
1455 980 1552 1039 J'am

65 1076 159 1109 non
197 1063 408 1110 extitisse
435 1062 651 1122 videtur,
682 1077 788 1109 nam
820 1063 1005 1119 viator,
1037 1062 1083 1108 in
1117 1061 1427 1124 Opuntiorum
1455 1062 1555 1123 agri

66 1144 398 1208 descriptione,
429 1145 629 1207 priorem
659 1152 839 1192 tantum
867 1146 1143 1207 Larymnam
1178 1152 1422 1202 memorat,
1449 1159 1556 1206 quae

31 1235 166 1276 >erat
197 1229 454 1286 vetustior,
494 1243 762 1290 nomenque
798 1243 823 1275 a
858 1229 1116 1291 Larymna,
1156 1228 1268 1290 Cyni
1314 1227 1432 1284 filia,
1476 1228 1555 1289 qui

66 1309 262 1373 Opuntis
299 1318 462 1373 portus
498 1312 649 1358 fuerat
683 1315 915 1374 ἐπώνυμος,
952 1318 1196 1373 acceperat
1229 1309 1320 1374 (2).
1361 1312 1428 1358 Ex
1465 1325 1557 1372 qua

18 1421 21 1462 3
69 1393 266 1454 vestigia
291 1394 445 1440 adhuc
474 1394 696 1440 nonnulla
731 1400 1002 1455 supersunt.
1046 1393 1161 1448 Quae
1195 1394 1345 1440 Leake
1384 1394 1559 1454 aliique

20 1481 22 1489 “
68 1474 234 1523 harum
277 1477 520 1538 regionum
568 1477 891 1539 exploratores
946 1477 1297 1539 descripserunt
1351 1477 1430 1539 (3).
1483 1477 1559 1523 Vi-

69 1557 181 1606 dere
207 1566 277 1606 est
296 1560 418 1606 enim
442 1560 489 1605 in
513 1567 713 1620 angusto
738 1560 1061 1621 promontorio
1094 1561 1154 1606 ad
1189 1560 1558 1622 septentrionem

24 1629 26 1632 ’
69 1655 208 1690 verso
230 1642 565 1704 paululumque
586 1642 646 1688 ad
674 1642 903 1689 orientem
935 1642 1173 1699 flectente,
1201 1643 1428 1689 moenium
1457 1643 1561 1689 reli-

69 1724 203 1788 quias
227 1725 341 1772 satis
375 1725 660 1784 incolumes3
699 1732 746 1772 et
784 1725 878 1772 alia
913 1726 1086 1772 moenia
1124 1727 1170 1772 in
1209 1726 1311 1787 ipso
1339 1726 1455 1772 mari
1482 1740 1562 1787 ap-

70 1814 259 1871 parent,
303 1808 438 1870 quasi
474 1808 643 1855 molem
686 1808 940 1869 quamdam
980 1808 1265 1867 indicantia3
1312 1809 1401 1854 alia
1448 1823 1563 1855 vero

70 1897 239 1954 praeter
284 1891 413 1938 littus
453 1898 729 1947 cernuntur,
772 1892 1025 1954 pistrinum
1072 1907 1240 1939 versus
1286 1893 1461 1953 Mylous
1503 1893 1563 1938 ab

72 1966 303 2035 indigenis
329 1975 714 2037 denominatum,
743 1976 817 2021 cui
855 1975 1086 2037 Cephisus
1128 1990 1297 2037 aquam
1336 1976 1560 2038 suppetit.

44 2077 46 2079 ·
71 2055 308 2120 Pleraeque
330 2064 486 2106 autem
514 2059 561 2104 in
591 2073 716 2120 pago
736 2060 879 2105 Casiri
902 2059 1070 2107 domus
1101 2059 1307 2120 antiquis
1330 2059 1565 2121 lapidibus

73 2148 350 2189 constructae
367 2148 476 2189 sunt
490 2177 503 2201 ,
527 2155 581 2188 ac
603 2142 832 2190 nonnulla
855 2142 903 2187 in
926 2142 1073 2189 hortis
1094 2143 1418 2189 columnarum
1444 2143 1564 2203 frag-

39 2235 41 2299 Ῑ
75 2230 228 2271 menta
248 2225 422 2285 Jacent.
463 2226 588 2272 Inter
614 2239 723 2286 quae
758 2226 931 2272 rudera
964 2226 1201 2273 notandus
1236 2234 1305 2272 est
1343 2241 1566 2273 romanus

40 2302 43 2358 '2
73 2307 387 2370 sarcophagus
412 2306 525 2371 (alt.
560 2307 726 2367 0¹¹²,85‚
759 2309 888 2369 long.
915 2307 1006 2369 2¹¹²)
1026 2344 1039 2367 ‚
1071 2309 1400 2356 communibus
1427 2324 1566 2356 orna-

42 2391 45 2466 ]
77 2390 242 2438 mentis
263 2391 532 2440 decoratus.
565 2392 625 2438 At
663 2392 711 2438 in
745 2392 865 2440 colle
901 2393 981 2454 qui
1015 2406 1187 2454 pagum
1214 2393 1564 2455 supereminet,

116 2558 160 2604 (1)
181 2559 310 2604 strab„
325 2560 389 2602 IX,
408 2563 479 2598 406.
529 2554 534 2561 ’

47 2595 50 2658 i
115 2619 161 2662 (2)
176 2619 326 2656 Pausan.
339 2648 347 2662 ,
365 2622 432 2661 IX,
452 2623 505 2664 23,
524 2623 555 2657 7.

119 2678 162 2721 (3)
188 2680 308 2722 Leuke,
326 2691 380 2724 op.
404 2683 476 2723 cit„
494 2683 547 2723 ΙΙ,
569 2693 603 2725 p.
625 2683 709 2722 2872
729 2682 890 2723 Ulrichs,
910 2694 964 2726 op.
982 2684 1039 2718 cit.
1053 2709 1061 2723 ,
1088 2684 1121 2723 Ι,
1142 2695 1175 2727 p.
1202 2683 1357 2722 227-‘232;
1379 2685 1491 2726 Ross,
1515 2696 1569 2728 op.

51 2747 55 2794 ι
78 2737 148 2779 ⁶⁸⁹8„
168 2738 202 2779 1,
217 2750 251 2781 p.
266 2735 318 2773 99.

52 2807 56 2832 ι
