1916 3198
381 208 431 249 34
887 220 941 248 DE
970 218 1116 249 Locrus
1145 217 1360 249 oremus.

380 299 579 358 agrestis
614 298 748 356 licet,
781 298 1093 346 admiratione
1132 299 1338 360 quadam
1379 306 1424 346 te
1463 298 1635 357 afficit3
1676 312 1879 360 namque

381 381 579 442 Opuntis
622 394 816 442 campus
860 381 1072 442 abruptis
1114 382 1355 429 montibus
1382 382 1719 440 circumdatur,
1759 396 1878 443 quos

382 464 500 509 miro
526 464 730 524 quodam
768 464 934 511 aestiva
971 464 1053 510 lux
1081 465 1239 512 colore
1264 466 1439 523 vestit3
1473 472 1569 510 tum
1598 464 1759 526 procul
1785 478 1878 511 cae-

381 547 563 593 ruleum
598 546 758 608 Euripi
795 546 972 594 flumen
1016 547 1353 608 distinguitur,
1396 549 1613 609 ultraque
1653 547 1876 609 Euripum

381 629 580 676 arduum
620 629 812 676 Euboeae
848 630 976 676 littus
1003 638 1197 692 apparet
1233 631 1538 692 ingentiaque
1581 645 1721 688 saxa,
1753 630 1879 677 unde

381 713 529 774 (quod
560 713 603 758 in
632 713 860 759 hodierna
886 713 1065 760 Graecia
1095 714 1373 760 miraculum
1397 715 1506 774 jure
1531 712 1755 777 habetur)
1776 727 1878 760 sca-

383 803 534 842 tentes
576 796 802 842 desiliunt
839 796 930 843 rivi
971 811 1119 858 seque
1166 796 1214 842 in
1259 811 1388 844 mare
1433 811 1538 844 cum
1589 796 1789 843 tumultu
1833 802 1880 843 et

380 893 546 940 spuma
573 878 886 940 praecipitant.

445 961 701 1023 Opuntium
730 976 845 1008 vero
871 976 1036 1022 agrum
1065 963 1394 1024 perlustranti,
1423 977 1448 1008 a
1478 976 1599 1023 pago
1627 963 1771 1008 Castri
1797 976 1879 1008 us-

382 1060 474 1106 que
500 1045 559 1091 ad
585 1052 767 1092 montes
792 1045 965 1105 quibus
991 1045 1301 1107 Epicnemidii
1329 1045 1388 1091 ab
1415 1044 1631 1105 Opuntiis
1659 1057 1879 1106 separan-

383 1136 488 1186 tur,
520 1136 620 1175 tres
654 1129 870 1188 regiones
902 1120 1022 1175 inter
1060 1143 1111 1174 se
1150 1128 1404 1174 dissimiles
1441 1135 1696 1175 occurrunt
1734 1146 1744 1176 :
1787 1142 1879 1175 una

380 1212 584 1268 scilicet,
613 1226 666 1257 ea
694 1226 800 1272 quae
829 1212 975 1272 magis
1012 1212 1072 1257 ad
1109 1211 1353 1257 meridiem
1385 1211 1565 1271 vergit,
1595 1225 1735 1258 omne
1770 1225 1878 1272 spa-

383 1295 496 1340 tium
531 1295 652 1340 inter
689 1296 831 1340 Casiri
867 1301 1009 1355 atque
1045 1294 1251 1343 insulam
1291 1294 1629 1340 Ga‘z‘douro-Nisi
1663 1308 1879 1356 compre-

383 1378 564 1435 hendit,
583 1386 628 1422 et
644 1377 876 1423 viridibus
896 1377 1088 1437 pinetis,
1114 1376 1279 1422 rivulis
1302 1391 1384 1438 per
1399 1376 1544 1422 valles
1558 1377 1876 1437 currentibus,

384 1461 582 1515 vinetis,
614 1459 803 1506 olivetis
831 1467 994 1506 ornata
1029 1466 1115 1517 est.
1154 1458 1214 1505 At
1249 1459 1394 1505 altera
1426 1458 1626 1520 Opuntis
1661 1474 1879 1522 campum

382 1544 619 1595 continet,
660 1543 781 1588 circa
822 1557 996 1604 pagum
1039 1545 1275 1604 Kyparissi
1301 1542 1609 1604 paludosum,
1637 1543 1684 1589 in
1712 1544 1880 1591 ceteris

382 1636 537 1674 autem
592 1626 706 1673 loeis
756 1627 992 1673 salubrem
1047 1627 1360 1687 fertilemque.
1417 1626 1568 1673 Tertia
1629 1627 1835 1688 denique
1864 1663 1876 1686 ,

367 1698 655 1772 abruptior,
709 1717 889 1756 montes
945 1710 1184 1756 concludit
1227 1723 1367 1771 supra
1418 1710 1624 1756 viculum
1667 1710 1880 1757 Scander-

384 1799 484 1855 Aqa
520 1794 673 1840 editos
706 1801 751 1838 et
786 1801 1037 1853 angustum
1072 1793 1201 1838 littus
1237 1793 1362 1854 quod
1393 1793 1516 1839 inter
1544 1792 1799 1840 Livanatais
1835 1801 1882 1841 ct

384 1878 563 1939 Alopen
593 1876 882 1923 extenditur.
914 1876 1120 1931 Quarum
1160 1876 1402 1936 regionum
1432 1890 1522 1922 una
1560 1891 1763 1939 quaeque
1795 1891 1879 1924 sua

383 1961 675 2022 antiquitatis
700 1967 1002 2006 monumenta
1027 1959 1252 2007 ostendit.

451 2047 653 2107 Nempe,
683 2045 726 2091 in
754 2053 883 2106 parte
907 2045 965 2090 ad
994 2045 1239 2091 meridiem
1264 2044 1351 2090 sita
1371 2081 1383 2103 ,
1411 2043 1477 2090 illi
1500 2052 1609 2092 sunt
1634 2046 1736 2108 pagi
1762 2060 1881 2108 quos

387 2144 529 2191 prope
554 2129 809 2191 priscorum
837 2136 1098 2190 temporum
1125 2128 1326 2188 vestigia
1352 2128 1653 2190 reperiuntur
1679 2146 1688 2174 :
1717 2131 1877 2190 Castri,

385 2215 586 2270 Martini,
616 2211 865 2272 Proskyna,
895 2212 1127 2258 Malesina.

449 2297 588 2354 Cujus
618 2310 730 2341 vero
757 2295 917 2356 oppidi
958 2294 1107 2341 locum
1139 2302 1340 2356 occupet
1372 2296 1538 2354 Casiri,
1570 2302 1730 2342 notum
1765 2303 1835 2343 est
1865 2312 1876 2343 z

388 2381 507 2426 inter
546 2380 787 2441 Larymna:
830 2379 953 2424 enim
996 2379 1156 2424 ruinas
1196 2386 1267 2425 est
1305 2377 1607 2426 aedificatum.
1639 2379 1880 2427 Strabonis

386 2471 540 2509 autem
579 2470 748 2521 setate,
796 2462 1060 2509 Boeotorum
1100 2470 1200 2509 erat
1237 2463 1498 2524 Larymna,
1535 2463 1618 2509 sed
1662 2463 1880 2523 ignobilis

386 2546 643 2608 (πολίχνη),
672 2546 731 2592 ad
760 2546 930 2591 ostium
959 2545 1163 2607 Cephisi,
1192 2546 1236 2591 in
1268 2545 1421 2592 littore
1449 2546 1590 2592 maris
1619 2547 1766 2607 posita
1797 2546 1878 2609 (l).
1914 2590 1916 2595 .

432 2719 475 2755 vl)
494 2718 621 2754 snt-nh„
651 2717 711 2755 lx,
736 2716 795 2749 405
816 2730 820 2747 τ
899 2717 1054 2760 Λάρυμνά
1075 2728 1122 2755 τε,
1142 2718 1218 2759 παρ’
1241 2718 1278 2754 ἢν
1301 2719 1317 2748 ὁ
1335 2718 1499 2758 Κηφισσὸς
1517 2717 1680 2750 ἐκδίδωσι.
