1916 3198
336 260 360 300 4
854 270 906 300 nn
938 270 1083 300 Locms
1111 270 1322 300 opnn'rns.

334 350 727 412 Amphictyonem
767 347 1006 411 filiamque
1041 348 1370 411 Protogeniam
1406 354 1695 411 pepererunt
1732 346 1826 411 (l).

333 435 479 481 Notus
505 441 577 480 est
601 441 757 480 autem
783 433 947 480 Hellen
965 469 977 491 ,
1006 447 1149 495 quem
1178 434 1238 480 ab
1260 433 1376 480 Jove
1400 440 1554 480 ortum
1583 447 1688 479 esse
1716 445 1830 479 non·
1875 455 1878 459 ·

332 517 449 563 nulli
488 517 711 576 tradunt,
753 531 991 578 quemque
1028 523 1123 564 tota
1158 530 1274 578 gens
1311 530 1465 578 graeca
1502 519 1710 579 ἐπώνυμον
1738 514 1830 562 sibi

333 600 559 647 vindicat.
601 599 694 647 Sed
731 598 1017 662 Amphictyo
1053 600 1253 661 ejusque
1291 599 1468 662 posteri
1504 598 1654 659 magis
1692 597 1829 645 nobis

330 698 456 731 curae
497 690 632 742 sunt,
681 690 872 745 propter
910 683 1243 743 cognationem
1282 697 1422 744 quam
1464 697 1570 728 cum
1610 681 1828 743 Opuntiis

330 767 557 814 habuere.
579 766 650 813 Ex
671 765 1018 829 Amphictyone
1038 766 1163 813 enim
1185 772 1328 827 atque
1346 765 1661 828 Chtonopatra
1682 771 1828 811 natus

330 858 401 897 est
431 850 554 896 filius
572 886 586 908 ‚
614 850 823 912 Physcus
850 850 926 896 vel
953 849 1179 912 Physcius
1202 847 1303 913 (2),
1332 850 1413 911 qui
1442 850 1489 895 in
1517 849 1711 911 opuntia
1747 863 1824 896 re-

328 936 467 996 gione
494 935 734 996 regnavit,
765 934 892 996 quod
926 934 1119 996 quidem
1154 934 1414 981 verisimile
1440 940 1540 992 est,
1568 948 1674 980 cum
1711 946 1827 995 pro-

328 1019 476 1064 ditum
504 1019 565 1065 sit
588 1017 734 1064 filium
761 1018 863 1078 ejus
889 1018 1086 1064 Locrum
1114 1031 1168 1064 ac
1202 1024 1421 1079 nepotem
1448 1017 1683 1079 Opuntem
1721 1022 1827 1078 post

326 1116 432 1148 eum
460 1102 635 1149 ibidem
666 1101 939 1162 regnavisse
963 1099 1056 1164 (3).
1099 1101 1188 1156 Qui
1220 1102 1424 1159 Locrus,
1454 1099 1621 1161 Physci
1651 1113 1825 1161 nempe
1885 1139 1890 1143 .

333 1193 378 1231 et
399 1185 568 1248 Cabyae
592 1185 780 1232 soboles
803 1182 895 1247 (4),
920 1188 1126 1247 ἐπώνυμος
1146 1184 1304 1231 Locris
1329 1183 1502 1230 extitit.
1527 1181 1600 1230 Ab
1620 1182 1826 1230 Hesiodo

325 1276 481 1316 autem
509 1269 761 1316 exhibetur
785 1275 834 1314 nt
855 1269 954 1315 dux
982 1269 1204 1328 Lelegum
1226 1268 1333 1329 qui,
1362 1274 1511 1329 poetae
1535 1267 1676 1313 etiam
1706 1273 1824 1313 tem-

327 1367 469 1413 pore,
499 1353 744 1413 opuntium
774 1366 939 1412 agrum
968 1351 1237 1398 incolebant
1263 1351 1367 1411 (5);
1397 1358 1471 1409 et,
1499 1365 1604 1397 cum
1644 1350 1824 1397 Deuca-

325 1435 462 1482 lionis
495 1434 641 1495 stirpe
668 1434 765 1494 Jam
801 1434 1031 1480 oriundus
1075 1443 1228 1490 esset,
1272 1432 1344 1479 his
1389 1447 1580 1495 quoque
1618 1433 1823 1480 vinculis

324 1519 512 1564 astricta
541 1525 612 1564 est
639 1518 741 1577 ejus
769 1531 877 1564 cum
901 1517 1206 1565 Prometheos
1235 1516 1331 1564 filio
1357 1515 1580 1563 affinitas.

389 1602 576 1648 Scilicet
598 1601 893 1648 Deucalionis
915 1601 1200 1663 Pyrrhaeque
1222 1599 1335 1659 filia,
1355 1600 1652 1662 Protogenia,
1673 1599 1820 1647 filium

323 1699 382 1732 ex
417 1685 533 1732 Jove
569 1678 875 1745 conceperat,
917 1683 997 1744 qui
1038 1683 1254 1730 Aethlius
1291 1690 1392 1730 erat
1423 1684 1688 1745 appellatus
1725 1682 1818 1747 (6).

323 1767 493 1814 Boeckh
535 1774 692 1813 autem
734 1766 881 1813 credit
931 1781 991 1813 ex
1031 1766 1196 1812 eadem
1234 1766 1433 1813 alterum
1473 1765 1618 1813 filium
1660 1775 1819 1814 ortum

322 1865 443 1909 esse,
467 1850 546 1912 qui
574 1850 701 1912 Opus
722 1850 875 1896 dictus
898 1849 1037 1896 suerit
1057 1848 1148 1912 (7).
1174 1849 1242 1896 Ex
1267 1864 1379 1911 quo,
1404 1850 1530 1912 apud
1554 1850 1692 1898 Eleos
1720 1866 1821 1913 reg·

366 2003 611 2045 (1)Ap0110d.,
633 2003 659 2042 1,
679 2001 712 2040 7,
734 2001 765 2034 2.
1314 2025 1319 2030 -

361 2063 408 2104 (2)
428 2062 603 2102 Eustath„
626 2062 665 2095 In
686 2061 740 2100 11..
763 2071 793 2104 p.
817 2060 890 2094 277.
910 2061 1109 2103 Stephanus
1129 2066 1247 2095 autem
1268 2061 1501 2104 Byzantinus,
1524 2073 1553 2097 s.
1578 2073 1611 2097 v.
1630 2064 1818 2103 Φύσκος.

321 2124 369 2156 nit
395 2122 579 2164 Physcuin
601 2124 763 2163 nepotem
785 2122 1061 2163 Amphictyonis
1081 2123 1203 2161 fuisse,
1227 2123 1337 2155 silium
1359 2133 1443 2157 vero
1460 2123 1629 2157 AEtolum.

362 2181 406 2223 (3)
434 2181 615 2220 Rumam„
638 2180 697 2213 loc.
725 2182 782 2213 cit.
806 2193 812 2212 :
901 2182 981 2225 πρὸς
1002 2183 1037 2214 ὃν
1060 2181 1263 2223 (Ὀποῦντα)
1280 2183 1454 2226 διενεχθεὶς
1478 2185 1495 2216 ὁ
1517 2185 1625 2228 πατὴρ
1642 2184 1767 2229 Λοκρὸς
1783 2185 1822 2228 ἐᾷ

320 2243 376 2283 μὲν
397 2243 508 2285 ἄρχειν
528 2242 665 2277 ἐκεῖνον,
689 2241 784 2278 αὐτὸς
799 2241 834 2273 δὲ
854 2242 940 2275 οἰκεῖ
957 2243 998 2274 τὰ
1019 2242 1098 2285 πρὸς
1117 2243 1259 2286 ἑσπέραν
1280 2247 1338 2276 τοῦ
1357 2244 1597 2287 Παρνασσοῦ...

362 2301 407 2340 (4)
430 2299 522 2333 Plut.
542 2326 547 2336 ,
572 2303 695 2339 Qumt.
714 2309 811 2341 uri-nc.
830 2325 838 2339 ,
866 2300 911 2333 15.
934 2301 1000 2340 Qui
1025 2302 1209 2334 contendit
1226 2303 1320 2336 hunc
1342 2302 1514 2342 Locrum,
1540 2301 1670 2345 Cabyae
1688 2303 1816 2343 filium,

319 2360 467 2392 ultorum
487 2358 674 2401 queunhun
697 2358 866 2396 Locrum,
886 2359 1028 2402 Physco
1049 2361 1208 2402 genitum
1222 2386 1229 2400 ,
1253 2364 1389 2403 patrem
1417 2362 1592 2395 habuisse.
1614 2361 1817 2406 Secundum

322 2429 403 2452 vcro
426 2420 529 2451 utinm
565 2419 738 2454 liubulam.
764 2418 913 2458 Locrus,
936 2429 979 2452 ex
999 2418 1090 2453 Jove
1112 2419 1286 2462 Moemque
1306 2424 1409 2454 natus
1424 2445 1432 2460 ,
1455 2421 1668 2463 Amphionis
1684 2431 1725 2455 ac
1747 2421 1816 2455 Ze-

321 2480 369 2511 thi
391 2489 510 2511 coines
533 2479 665 2518 sucrnt,
687 2478 897 2520 quibuscum
919 2478 1055 2513 Thebas
1073 2479 1288 2513 condiderat.
1315 2478 1357 2512 V.
1379 2481 1489 2514 schol.
1519 2481 1553 2513 in
1585 2482 1715 2523 Odyss„
1742 2481 1793 2514 XI
1809 2507 1816 2519 .

320 2538 391 2574 320,
413 2538 468 2571 iul.
493 2538 651 2578 Dindorl’,
673 2538 815 2575 oxonii,
841 2539 927 2572 ¹855.

363 2598 407 2638 (5)
429 2597 586 2632 neuma..
607 2608 664 2639 up.
685 2597 816 2637 Strui).¹
841 2596 923 2640 Vll,
944 2599 1016 2632 3⁴22.

359 2658 406 2698 (fl)
426 2656 603 2698 Apnilml..
627 2656 653 2695 Ῑ,
679 2656 710 2692 7.
729 2658 760 2689 2.

362 2714 406 2756 (7)
430 2714 470 2747 V.
492 2715 748 2757 explicationes
763 2717 806 2749 nd
827 2717 878 2750 Ol.
901 2717 970 2758 lx,
992 2716 1048 2758 fil,
1067 2717 1160 2760 apud
1181 2717 1307 2752 Diasion
1325 2721 1358 2752 ot
1375 2718 1641 2758 Schneidewin,
1663 2719 1815 2754 Pindari

317 2775 496 2809 carmina,
519 2779 602 2806 noct.
631 2774 659 2806 ΙΙ
676 2801 683 2812 ,
706 2780 909 2813 nonunt-nt..
931 2777 1076 2815 (lotium,
1102 2776 1193 2811 1847.

1906 2133 1916 2208 i
