1916 3198
334 233 384 272 62
854 243 907 271 DE
936 241 1083 272 Locms
1112 242 1324 273 opmwrns.

332 323 646 384 Magnetibus,
669 322 964 380 AEnianibus,
990 323 1210 383 gentibus
1235 322 1414 369 scilicet
1439 322 1674 382 obscuriS,
1701 336 1831 384 quae,

335 412 582 468 postquam
627 405 784 466 aliqua
835 405 1108 452 celebritate
1153 406 1508 464 inclaruerunt,
1550 407 1599 452 in
1646 412 1833 453 noctem

334 497 557 551 tanquam
591 495 906 536 evanuerunt.
935 488 1079 534 Erant
1111 495 1159 536 et
1185 489 1467 550 insigniores
1494 489 1685 552 populi,
1715 488 1837 536 sicut

331 571 569 630 Thessali,
599 572 893 628 Phocenses,
922 571 1095 630 Dores,
1133 571 1294 630 Iones,
1323 572 1472 619 Boeoti
1498 570 1589 635 (l).
1619 570 1835 633 Opuntiis

331 662 489 702 autem
531 669 680 701 unum
723 654 1003 715 suffragium
1043 654 1091 700 in
1131 654 1331 702 consilio
1370 655 1660 715 assignatum
1702 660 1833 712 erat,

331 738 485 787 Ozolis
523 753 671 785 unum
706 737 798 801 (2).
842 737 1006 796 Unde,
1049 737 1137 784 etsi
1170 751 1334 784 omnes
1372 738 1582 799 opuntiae
1620 737 1836 784 civitates

323 807 469 870 ¹erant
501 823 664 870 liberae
701 837 755 869 ac
787 822 887 869 suis
921 822 1037 885 ipsae
1066 821 1251 883 legibus
1276 836 1328 869 se
1362 821 1716 883 gubernabant,
1747 820 1837 868 hoc

333 906 700 969 amphictyonici
744 912 896 953 coetus
941 905 1133 953 vinculo
1175 906 1298 952 inter
1339 920 1392 952 se
1435 905 1836 953 connectebantur

333 997 475 1052 atque
495 990 543 1036 in
562 991 787 1037 universa
804 990 1076 1038 Graecorum
1094 989 1398 1036 multitudine
1418 988 1660 1035 definitam
1675 1001 1837 1050 quam-

333 1075 438 1121 dam
467 1073 709 1135 fingebant
735 1074 1028 1121 societatem.

396 1157 693 1205 Galaxidiani
729 1163 909 1204 tantum
946 1156 1070 1203 tituli
1110 1163 1322 1219 tempore
1354 1162 1482 1204 certa
1515 1156 1734 1217 quaedam
1771 1155 1832 1204 de

330 1242 641 1304 Opuntiorum
671 1241 885 1303 populari
923 1240 1115 1287 civitate
1142 1240 1386 1287 discimus.
1416 1240 1467 1286 In
1491 1239 1582 1287 hoc
1607 1240 1733 1287 enim
1761 1240 1833 1287 vi-

329 1325 496 1372 demus
524 1325 726 1387 primum
754 1324 821 1370 rei
843 1323 1044 1386 publicae
1073 1323 1400 1384 magistratum
1428 1322 1722 1380 archontem‚
1752 1329 1834 1370 aut

330 1409 485 1470 potius
511 1410 633 1471 ἀρχόν
649 1445 659 1464 ,
683 1407 969 1469 appellatum
998 1421 1103 1454 esse
1124 1405 1217 1469 (3).
1245 1407 1342 1454 Hoc
1365 1412 1412 1453 et
1428 1406 1639 1453 Thessali
1661 1420 1833 1454 nomen

330 1491 683 1553 magistratibus
728 1490 827 1537 suis
870 1491 1116 1552 imponere
1154 1490 1374 1537 solebant
1412 1487 1503 1553 (4).
1554 1489 1635 1536 Ille
1674 1495 1831 1536 autem

330 1577 452 1639 ἀρχάς
471 1575 532 1622 ad
554 1581 738 1637 tempus
763 1580 864 1621 erat
888 1573 1096 1633 electus,
1123 1574 1251 1635 quod
1279 1573 1443 1620 titulus
1471 1573 1535 1620 ita
1558 1573 1794 1634 eloquitur
1817 1589 1828 1620 ε

335 1676 359 1703 «
464 1659 697 1706 Iudicium
720 1658 767 1704 in
787 1672 919 1705 reum
943 1664 1054 1704 ante
1082 1657 1368 1704 tricesimum
1391 1657 1516 1703 diem
1537 1640 1828 1718 constituito,

330 1743 370 1789 si
397 1743 457 1789 sit
485 1743 710 1804 tringinta
749 1741 851 1788 dies
890 1742 936 1787 in
973 1755 1172 1788 munere
1208 1741 1350 1788 etiam
1385 1755 1634 1788 mansurus
1669 1741 1760 1802 (5).
1806 1757 1828 1785 »

330 1825 391 1872 At
415 1826 615 1888 legimus
642 1825 768 1889 apud
794 1823 1094 1872 Aristotelem
1122 1825 1325 1886 primum
1351 1825 1398 1870 in
1421 1823 1637 1886 Opuntiis
1661 1824 1831 1886 magis-

333 1916 503 1957 tratum
534 1915 812 1972 perpetuum
851 1908 997 1954 fuisse
1027 1925 1036 1953 :
1068 1907 1135 1954 sic
1172 1908 1536 1970 interpretamur
1567 1908 1731 1954 saltem
1762 1907 1830 1955 lo-

329 2007 435 2040 cum
451 1993 704 2055 quemdam
724 1994 802 2038 Rei
820 1992 1006 2053 publicoe
1025 1991 1085 2037 ad
1104 2005 1262 2052 regem
1281 2005 1575 2052 regnumque
1588 1991 1828 2053 pertinen-

332 2084 423 2123 tem
451 2077 542 2138 (6).
568 2076 655 2131 Qui
682 2090 778 2137 quo
803 2074 944 2122 modo
965 2089 1070 2121 cum
1097 2074 1401 2135 galaxidiano
1429 2074 1565 2121 titulo
1588 2074 1828 2122 conciliari

331 2162 518 2226 potest?
538 2160 734 2207 Videtur
757 2158 953 2206 Vischer
975 2158 1182 2219 aliquem
1205 2156 1472 2205 Aristotelis
1496 2172 1705 2206 errorem
1730 2172 1829 2206 sus-

373 2399 417 2440 (l)
438 2398 480 2432 V.
501 2395 662 2437 Foucart,
683 2396 822 2438 discept.
848 2395 1176 2434 cie.,1)icaeionnaire
1191 2394 1247 2429 des
1267 2395 1455 2437 antiquitas
1474 2403 1628 2436 qrecques
1645 2398 1675 2428 et
1693 2395 1827 2429 romai-

328 2468 399 2499 πει,
422 2468 450 2491 s.
472 2468 507 2491 v.
528 2456 804 2500 Amphictyones.

370 2518 416 2560 (2)
437 2517 603 2554 Pausan..
628 2516 672 2555 X,
694 2517 726 2554 8,
748 2516 780 2549 5.

372 2579 417 2618 (3)
440 2576 541 2610 Vera.
565 2576 679 2610 ΙΙΙ-42.

371 2638 417 2679 (4)
442 2637 543 2669 Dion.
566 2635 693 2676 Italic„
719 2635 761 2672 V.
782 2635 834 2668 74.

371 2698 418 2738 (5)
443 2696 540 2730 Vera.
565 2695 678 2729 42-43.

367 2756 414 2797 (6)
432 2755 477 2789 De
490 2764 526 2788 ro
540 2755 647 2797 publ..
667 2753 730 2791 111.
753 2753 802 2795 11,
828 2754 856 2795 ¹,
876 2754 932 2787 cd.
954 2753 1071 2788 Didot.
