1916 3198
614 159 810 190 nacionis
839 159 1085 190 nnscmp'rm
1563 145 1614 185 47

121 240 231 301 tigia
262 245 519 302 apparent3
546 238 630 285 sed
666 244 799 285 vasta
838 237 1107 300 necropolis
1141 236 1270 283 haud
1308 236 1469 299 procul
1506 250 1614 298 pan-

119 323 270 382 ditur,
296 337 356 370 ex
387 336 479 384 qua
511 321 748 382 indigenae
776 335 890 367 vasa
921 328 967 368 et
995 319 1161 367 fictiles
1195 319 1368 380 figuras
1402 319 1615 381 quotidie

61 397 67 400 ⁴
120 406 367 454 effodiunt.
397 405 592 466 Jamque
618 404 664 450 in
693 418 750 452 eo
784 411 855 451 est
890 411 941 451 ut
969 418 1117 466 pauca
1145 410 1450 451 monumenta
1484 402 1616 450 locus

119 488 340 547 retineat;
366 487 590 535 nonnulla
617 493 770 534 tamen
797 487 1014 549 sepulcra
1042 487 1251 534 nondum
1276 486 1451 534 violata
1479 492 1611 546 sunt,

120 585 206 618 nec
237 570 536 618 temerarium
584 577 655 617 est
705 570 1020 633 contendere,
1065 570 1104 616 si
1142 570 1247 631 quis
1286 569 1362 616 hic
1398 570 1614 616 tellurem

119 659 309 700 strenue
334 667 389 699 ac
431 653 617 714 penitus
647 653 877 712 invertat,
918 653 1032 700 satis
1076 653 1278 715 amplam
1308 666 1465 698 rerum
1493 653 1616 698 anti-

118 749 316 797 quarum
343 736 692 784 multitudinem
722 751 828 783 eum
858 750 964 783 esse
991 742 1310 798 reperturum.

183 818 318 873 Quod
338 819 378 866 si
406 827 576 881 praeter
601 834 729 867 mare
757 820 975 867 incedere
996 820 1282 881 perrexeris,
1311 819 1497 866 Arkitsa
1532 834 1615 881 pa-

117 915 228 962 gum
250 902 482 959 offendes,
511 903 685 949 deinde
715 903 760 948 in
790 909 993 964 angusto
1017 903 1222 963 quodam
1246 917 1411 965 campo
1434 903 1515 964 qui
1543 903 1617 949 lit-

60 973 66 978 ’
120 984 207 1032 tori
231 985 443 1032 imminet
467 993 544 1045 et,
567 986 811 1033 meridiem
841 1000 1007 1033 versus
1029 1021 1041 1045 ,
1071 986 1176 1032 altis
1205 986 1445 1033 montibus
1472 987 1615 1032 inter-

118 1066 340 1128 cluditur,
365 1075 554 1117 veteres
576 1077 731 1132 petras
756 1069 956 1132 aspicies
995 1083 1050 1115 ac
1082 1069 1310 1116 moenium
1334 1071 1614 1130 fragmenta,

120 1150 281 1197 urbem
347 1151 423 1198 hic
474 1153 688 1200 extitisse
737 1153 1043 1200 declarantia.
1093 1153 1201 1213 Pagi
1255 1162 1411 1200 autem
1450 1154 1616 1200 incolae

118 1233 250 1280 aiunt
273 1249 324 1281 se
347 1234 392 1280 in
417 1235 506 1282 hoc
529 1236 631 1283 loco
648 1237 862 1298 sepulcra
887 1237 1147 1283 invenisse.
1175 1236 1283 1283 Mox
1310 1236 1439 1282 littus
1462 1236 1513 1282 fit
1534 1251 1618 1282 an-

119 1317 301 1377 gustius
333 1325 379 1364 et
406 1325 649 1380 postquam
684 1320 908 1366 sacellum
933 1321 1082 1366 Sancti
1111 1320 1285 1366 Nicolai
1315 1327 1620 1382 praetergres-

118 1413 199 1446 sus
238 1415 319 1459 es,
363 1415 528 1448 saxum
570 1403 823 1450 arboribus
864 1410 1138 1450 coronatum
1177 1403 1396 1463 attingis,
1440 1403 1484 1448 in
1523 1416 1618 1464 quo

118 1482 268 1544 Alope
302 1484 446 1531 fuisse
473 1485 697 1532 creditur.
730 1486 794 1531 De
822 1500 915 1547 qua
954 1494 1098 1547 petrae
1124 1486 1341 1547 quaedam
1373 1499 1617 1532 vasorum-

118 1580 211 1627 que
235 1567 493 1627 sragmenta
517 1583 640 1615 nunc
662 1576 866 1627 restant3
892 1584 918 1615 e
946 1570 1132 1630 fastigio
1155 1576 1311 1615 autem
1339 1569 1463 1615 illius
1484 1569 1617 1616 collis

118 1648 317 1711 Euripus
356 1651 447 1698 late
484 1652 766 1714 prospicitur
808 1659 855 1698 et
897 1652 1132 1699 nemorosi
1170 1653 1316 1698 saltus
1349 1666 1617 1712 saxosaque

119 1731 322 1780 culmina
358 1735 520 1796 procul
560 1742 806 1797 apparent,
850 1749 955 1795 quae
996 1750 1146 1796 usque
1183 1735 1241 1781 ad
1281 1735 1617 1797 Thermopylas

119 1816 451 1863 continuantur
481 1835 490 1863 :
523 1817 599 1864 hic
626 1826 696 1864 est
722 1818 1036 1880 Opuntiorum
1067 1819 1312 1873 terminus.

183 1899 277 1946 Nec
313 1901 472 1962 procul
519 1902 630 1948 inde
673 1910 854 1948 torrens
895 1902 1024 1958 fluit,
1064 1902 1144 1963 qui
1187 1902 1615 1964 Epicnemidiorum

121 1980 225 2028 finis
245 1984 353 2044 Jure
381 1984 542 2031 haberi
570 1992 744 2047 potest.
777 1986 939 2032 Omnis
966 1994 1120 2032 autem
1150 1986 1251 2033 haec
1282 1986 1412 2046 regio
1430 2021 1442 2042 ‚
1472 1986 1615 2033 silvo-

90 2111 95 2117 ,
120 2066 183 2112 sis
199 2067 436 2114 montibus
453 2069 685 2129 subjecta,
712 2084 903 2131 nempe,
929 2070 1157 2116 orientem
1181 2068 1610 2128 versus,Cnemidi‚

120 2148 180 2195 ad
205 2150 494 2198 occidentem
532 2167 680 2208 vero,
713 2152 899 2199 Phricio
928 2152 1030 2215 (l),
1067 2160 1114 2199 et
1152 2153 1308 2199 multis
1342 2152 1615 2199 fluminibus

122 2230 326 2293 irrigata,
356 2249 555 2295 quorum
583 2236 944 2282 celeberrimum
974 2235 1199 2296 Boagrius
1223 2236 1268 2281 in
1292 2236 1487 2282 dextera
1514 2236 1615 2297 ripa

121 2316 342 2378 oppidum
381 2319 469 2364 fert
505 2319 793 2378 Thronium,
838 2320 1041 2366 oblectat
1084 2320 1245 2367 oculos
1279 2327 1420 2380 atque
1460 2319 1613 2366 laetam

8 2409 9 2420 ¹
82 2442 86 2445 Α
122 2398 288 2447 viatori
314 2403 520 2464 suppetit
541 2403 812 2464 imaginem.
834 2403 948 2449 Tum
977 2403 1144 2450 insulae
1168 2403 1385 2464 quaedam
1414 2403 1614 2449 desertae

91 2497 147 2528 .a
192 2484 419 2533 Strabone
467 2486 669 2533 citantur
712 2504 722 2532 ε
760 2500 959 2548 quarum
1015 2487 1233 2534 maximae
1287 2493 1397 2533 sunt
1447 2486 1611 2533 Licha-

165 2655 352 2698 (1)Strab.,
376 2656 437 2697 1x,
457 2657 536 2697 4253
557 2657 658 2699 x111,
677 2658 749 2692 621.
