1916 3198
573 246 627 276 nn
655 245 795 275 smms
828 244 1119 278 oPUN'rmnuu.
1548 233 1598 273 55

103 308 346 370 legerunt,
375 309 415 355 si
442 308 522 370 qui
549 307 670 354 intra
697 308 905 369 ipsorum
932 306 1050 354 fines
1077 314 1238 355 essent
1268 306 1520 369 deprensi,
1551 314 1599 353 et

101 392 318 455 hydriam
357 406 418 439 ex
448 391 504 438 iis
542 391 870 450 confecerunt,
900 404 1041 452 quam
1077 390 1283 453 Apollini
1320 396 1594 448 sacrarunt,

100 475 330 523 bonorum
355 481 622 537 ereptorum
648 481 826 536 partem
856 475 932 536 pie
957 475 1278 523 restituentes,

165 559 360 618 Verum,
386 558 472 605 etsi
491 557 682 620 Opuntii
703 573 764 605 ne
790 573 934 605 unum
957 557 1147 619 quidem
1171 558 1373 620 patrium
1393 558 1592 617 cultum,

98 641 297 702 alicujus
323 641 612 689 celebritatis
637 641 832 703 dignum
853 680 863 698 ‚
890 641 1151 699 habebant,
1179 656 1392 688 erremus
1416 655 1531 688 sane
1554 642 1594 688 si

98 724 208 772 inde
242 725 547 785 conjiciamus
581 725 697 771 nihil
735 725 782 771 in
817 725 1011 787 opuntia
1049 724 1278 786 religione
1315 724 1591 786 proprium,

97 807 211 854 nihil
232 807 359 869 quod
386 822 491 854 cum
518 807 777 854 incolarum
804 807 1002 854 historia
1026 813 1153 853 arcte
1173 806 1476 869 conjunctum
1502 807 1596 853 fue-

96 891 174 950 rit,
188 890 420 938 extitisse.
435 891 664 938 Omnibus
688 891 813 937 enim
834 890 1031 938 Graeciae
1051 890 1273 951 gentibus
1290 904 1389 937 suae
1404 891 1595 937 fuerunt

94 973 294 1037 fabulae,
324 989 432 1035 quae
465 975 619 1021 cultus
654 974 1069 1022 informaverunt:
1106 988 1306 1035 quorum
1350 974 1462 1032 alii,
1495 974 1592 1034 jam

92 1057 302 1104 celebres
327 1057 433 1104 facti
462 1072 639 1119 perque
667 1064 809 1104 totam
834 1057 1063 1104 Graeciam
1086 1057 1292 1118 vulgati,
1320 1058 1592 1104 universam

93 1140 372 1203 populorum
400 1141 755 1188 venerationem
796 1141 888 1187 sibi
926 1140 1328 1199 conciliaverunt3
1368 1140 1447 1187 alii
1475 1155 1591 1188 vero

91 1223 388 1272 obscuriores
412 1224 532 1271 intra
560 1223 677 1272 fines
705 1224 948 1285 regionum
974 1224 1054 1270 ubi
1083 1225 1178 1271 nati
1208 1231 1368 1282 erant,
1404 1238 1589 1271 reman-

91 1314 271 1354 serunt.
311 1307 436 1354 Inter
461 1321 581 1368 quos
616 1307 901 1354 numerandi
939 1315 1050 1354 sunt
1087 1308 1118 1353 ii
1152 1308 1232 1369 qui
1270 1308 1330 1354 ad
1359 1308 1590 1370 antiquis-

89 1390 231 1437 simas
254 1390 565 1452 Opuntiorum
595 1405 669 1438 res
700 1391 954 1453 pertinent.

154 1472 222 1520 Ac
246 1473 449 1535 primum
478 1474 784 1522 Prometheos
811 1474 989 1522 cultum
1026 1488 1357 1522 memoremus.
1397 1476 1463 1522 De
1494 1490 1589 1536 quo

87 1556 214 1619 apud
234 1556 462 1619 Opuntios
485 1557 702 1619 quaedam
725 1566 827 1605 erat
852 1558 1029 1615 fabula,
1054 1558 1128 1604 cui
1148 1558 1420 1616 Pausanias,
1436 1558 1588 1620 Argos

90 1639 393 1698 describens,
435 1641 624 1687 alludit.
663 1641 888 1696 Quaenam
917 1651 1073 1688 autem
1101 1642 1201 1689 haec
1228 1642 1383 1688 fabula
1411 1642 1582 1701 fuerit,

41 1778 45 1782 Α
90 1737 181 1770 non
209 1723 371 1781 docet,
399 1724 483 1770 sed
510 1724 645 1772 aliter
671 1725 731 1771 ab
757 1724 975 1787 Opuntiis
992 1761 1005 1782 ,
1035 1725 1174 1772 aliter
1199 1726 1259 1772 ab
1283 1725 1451 1786 Argeis
1480 1740 1583 1772 nar-

87 1806 302 1865 rabatur,
333 1814 475 1869 atque
499 1806 717 1870 Opuntiis
746 1809 1003 1855 assentitur
1033 1809 1288 1855 Pausanias
1318 1807 1411 1872 (i).
1443 1809 1585 1864 Quid-

6 1932 9 1947 !
85 1890 198 1952 quid
226 1890 274 1936 id
298 1897 396 1948 est,
433 1898 535 1938 erat
559 1891 874 1939 Prometheus
900 1907 961 1939 ex
987 1892 1171 1940 illorum
1201 1906 1398 1939 numero
1425 1893 1504 1954 qui
1533 1891 1582 1939 in

81 1972 389 2035 Opuntiorum
420 1974 648 2035 religione
678 1975 832 2022 locum
859 1976 1096 2023 tenebant.
1123 1976 1217 2022 Nec
1242 1976 1411 2022 mirum
1436 1993 1446 2022 ε
1474 1991 1580 2022 nam

5 2051 8 2095 i
40 2094 44 2095 γ
80 2070 183 2116 cum
211 2057 441 2118 originem
471 2073 499 2105 a
527 2059 811 2106 Deucalione
853 2059 1043 2121 Opuntii
1087 2059 1350 2118 traherent,
1390 2075 1578 2122 aequum

81 2147 180 2187 erat
210 2155 292 2188 eos
329 2142 587 2190 conditoris
622 2143 695 2190 sui
739 2150 983 2205 parentem
1019 2144 1213 2191 memori
1256 2144 1428 2206 pietate
1469 2159 1578 2206 pro-

81 2236 233 2285 sequi.

143 2306 255 2354 Tum
295 2308 560 2356 Promethei
598 2310 866 2371 adjicienda
905 2318 976 2357 est
1011 2310 1208 2373 Pyrrha.
1245 2310 1386 2372 Cujus
1417 2312 1574 2373 sepul-

1 2434 4 2446 ,
79 2403 208 2436 crum
230 2392 328 2451 Jam
366 2392 613 2439 retulimus
651 2392 764 2456 Cyni
806 2407 830 2440 a
869 2394 1098 2441 Strabone
1137 2409 1240 2441 esse
1279 2396 1432 2441 visum
1476 2394 1570 2458 (2).

77 2471 250 2521 Forsan
277 2475 436 2536 itaque
469 2484 516 2523 et
551 2476 653 2524 haec
688 2477 747 2523 ab
779 2476 997 2539 Opuntiis
1022 2513 1034 2535 ‚
1066 2478 1187 2524 sicut
1223 2478 1408 2536 herois,
1445 2479 1573 2526 cole—

77 2553 230 2603 batur.

116 2689 159 2733 (1)
178 2688 342 2732 Pausan„
364 2691 408 2733 11,
434 2693 486 2735 19,
508 2695 539 2728 8.

116 2748 164 2791 (2)
182 2749 228 2786 V.
247 2759 366 2795 supra,
387 2762 421 2795 p.
439 2753 470 2787 2.
