1916 3198
368 247 416 288 18
883 256 936 286 DE
965 254 1110 287 Locms
1139 256 1351 287 opunrns.

363 338 534 385 bonem
554 337 729 383 habere
749 354 759 382 :
781 351 908 395 nam,
931 336 1059 397 quod
1082 337 1254 383 factum
1275 337 1336 384 sit
1353 337 1413 383 ab
1433 337 1514 383 illo
1537 336 1659 383 inter
1674 334 1860 398 opuntii

362 421 461 482 agri
497 419 828 481 Cnemidisque
870 419 1046 466 incolas
1085 419 1338 467 discrimen
1361 456 1373 477 ,
1421 420 1667 482 utriusque
1707 418 1860 480 gentis

362 503 555 550 historia
578 502 713 549 facile
733 501 960 564 explicari
978 519 989 560 ;
1013 501 1368 564 Epicnemidios
1390 516 1505 549 vero
1522 510 1664 563 atque
1683 501 1863 563 Hypoc-

362 586 595 633 nemidios
638 600 782 631 unum
824 585 1049 648 populum
1090 585 1236 633 fuisse
1273 583 1362 649 (i).
1400 585 1548 640 Quam
1587 584 1858 647 opinionem

369 668 504 716 Allen
533 684 723 731 quoque
754 669 968 730 sequitur
996 667 1098 732 (2),
1130 669 1202 716 his
1230 677 1408 716 tantum
1439 669 1647 726 additis,
1678 669 1861 731 Hypoc-

362 753 676 800 nemidiorum
700 767 872 800 nomen
896 753 956 799 ad
977 767 1142 800 omnes
1167 752 1429 799 Orientales
1453 753 1621 800 Locros
1647 766 1858 799 commu-

361 837 483 882 niter
504 837 660 882 forsan
685 835 937 897 pertinere.
965 835 1099 891 Quod
1122 850 1228 882 cum
1251 836 1376 882 nulla
1406 850 1457 883 re
1482 836 1595 882 satis
1615 834 1860 883 confirme-

361 927 452 977 tur,
477 933 584 980 quae
611 919 804 966 Vischer
824 926 1003 978 censet,
1032 933 1087 965 ea
1114 933 1200 966 nos
1226 934 1421 966 censere
1450 919 1618 966 melius
1646 919 1854 967 videtur.

424 1002 534 1049 Haec
559 1009 714 1048 autem
749 1002 983 1049 sententia
1022 1017 1165 1049 sensu
1204 1004 1346 1050 etiam
1383 1003 1720 1064 comprobatur
1746 1002 1855 1064 qui,

360 1087 407 1131 in
435 1086 584 1132 tribus
619 1085 740 1131 tituli
769 1085 906 1144 locis,
942 1086 1101 1132 verbis
1143 1083 1382 1132 Ὀπούντιοι
1406 1094 1452 1133 et
1485 1084 1645 1139 Ὀπόεις
1671 1086 1860 1133 Videtur

360 1169 504 1216 fuisse
531 1169 815 1230 assignatus.
844 1168 959 1223 Quae
990 1169 1090 1215 ioca
1119 1169 1218 1216 haec
1246 1177 1355 1216 sunt
1381 1167 1474 1232 (3).

430 1252 475 1296 4⁰
503 1253 634 1298 Vers.
677 1252 727 1297 ti
763 1267 866 1313 sqq.
908 1280 967 1286 —
1007 1272 1028 1295 «
1067 1253 1381 1313 Jurejurando
1419 1260 1666 1300 teneantur
1703 1252 1857 1299 coloni

359 1337 647 1398 Naupactum
681 1336 810 1381 missi
841 1350 898 1382 ne
920 1351 1014 1397 quo
1037 1336 1147 1383 dolo
1165 1372 1176 1393 ‚
1217 1350 1274 1382 ne
1300 1351 1392 1397 qua
1422 1336 1772 1403 machinatione
1798 1336 1858 1382 ab

358 1419 575 1480 Opuntiis
603 1417 847 1475 deficiant3
878 1419 982 1473 sed,
1012 1419 1051 1465 si
1081 1419 1248 1480 placet,
1282 1419 1471 1480 triginta
1495 1427 1601 1481 post
1621 1419 1858 1480 jusjuran-

359 1502 469 1547 dum
509 1501 673 1557 annis,
721 1507 908 1547 centum
948 1501 1309 1563 Naupactiorum
1356 1502 1487 1549 cives
1525 1502 1741 1564 Opuntiis
1776 1507 1858 1549 aut
1893 1557 1896 1560 ,

358 1585 668 1647 Opuntiorum
690 1585 959 1646 Naupactiis
980 1585 1312 1645 jusjurandum
1342 1585 1430 1632 hoc
1458 1586 1727 1633 deferunto.
1762 1603 1785 1628 »

423 1667 474 1715 20
500 1669 632 1715 Vers.
665 1667 726 1715 32
753 1683 858 1729 sqq.
891 1696 952 1702 —
984 1687 1005 1711 «
1038 1668 1199 1715 Coloni
1229 1669 1519 1731 Naupactum
1561 1669 1690 1716 missi
1723 1669 1802 1729 jus
1829 1683 1856 1715 a

354 1752 595 1812 judicibus
624 1752 758 1813 primi
795 1752 1071 1809 obtinento,
1109 1760 1156 1798 et
1187 1752 1403 1798 eamdem
1433 1752 1701 1799 facultatem
1736 1753 1857 1799 intra

358 1850 532 1881 anuum
565 1835 731 1882 eadem
759 1835 836 1882 die
861 1834 1048 1896 Opunte
1073 1835 1297 1883 habento.
1336 1854 1358 1879 »

426 1918 474 1962 3⁰
500 1918 632 1964 Vers.
665 1918 725 1963 38
753 1933 858 1979 sqq.
892 1944 951 1953 —-
985 1935 1006 1962 «
1048 1918 1093 1964 Si
1122 1919 1227 1980 quis
1255 1918 1365 1966 doio
1391 1927 1473 1966 aut
1505 1919 1854 1968 machinatione

360 2001 433 2047 vei
465 2015 553 2046 una
584 2001 671 2048 hoc
697 2008 880 2063 pactum
908 2001 1176 2060 violaverit,
1207 2003 1297 2049 nisi
1327 2003 1513 2064 utrique
1535 2003 1655 2065 parti
1678 2003 1852 2066 placet,

359 2085 485 2131 mille
527 2084 838 2146 Opuntiorum
883 2085 1079 2133 consitio
1125 2093 1173 2132 et
1219 2086 1459 2148 plerisque
1490 2087 1854 2149 Naupactiorum

398 2294 445 2337 (i)
462 2292 622 2334 Viseiicn
645 2294 782 2338 discept.
799 2295 870 2335 cit„
888 2306 921 2337 p.
940 2294 1047 2329 74—89.

399 2356 443 2395 (2)
467 2356 510 2387 121·
529 2355 675 2387 ‹teau-cm
689 2355 918 2394 Locrensium,
934 2356 970 2388 in
982 2357 1128 2389 Studien
1138 2364 1201 2389 zur
1214 2355 1342 2397 arioch.
1362 2357 1434 2390 und
1453 2355 1572 2391 tamin.
1587 2358 1751 2398 Gramm„
1763 2365 1853 2399 quo-

355 2424 433 2447 rum
454 2418 573 2447 nuctor
590 2419 642 2447 cst
659 2415 702 2448 G.
723 2414 876 2452 Curtius.
900 2415 964 2456 ΙΙΙ,
991 2426 1027 2458 p.
1053 2416 1113 2449 ¹20¹.)
1136 2424 1212 2458 sqq.

395 2474 440 2513 (3)
465 2473 501 2505 in
520 2474 572 2505 iiis
589 2474 860 2516 interpretandis
878 2475 1051 2507 auxilium
1068 2475 1151 2507 mihi
1168 2484 1334 2517 perquam
1352 2475 1438 2508 utile
1459 2474 1699 2518 suppeditavit
1716 2475 1852 2509 doctis-

355 2534 443 2564 simu
465 2534 557 2565 tituli
582 2535 614 2565 in
634 2534 800 2574 gallicum
826 2543 1023 2567 sermonem
1043 2534 1244 2572 translatio.
1273 2544 1379 2576 quum
1399 2534 1439 2568 Ε.
1461 2533 1575 2577 Egger
1595 2535 1726 2576 edidit,
1747 2536 1853 2569 Jour-

353 2593 414 2624 nal
433 2595 488 2624 dvx
506 2598 656 2629 sat-ants,
684 2592 772 2633 1872,
791 2603 825 2636 p.
848 2594 887 2626 32
905 2603 980 2636 sqq.
1004 2612 1042 2618 -
1064 2593 1107 2627 V.
1124 2594 1222 2630 ibid..
1244 2604 1279 2637 p.
1299 2594 1352 2634 29,
1374 2595 1532 2628 omnium
1554 2595 1852 2637 disceptationum

355 2652 603 2686 indicationem
620 2662 699 2694 qum
717 2653 758 2686 dc
774 2654 839 2686 hoc
861 2654 963 2686 titulo
980 2655 1192 2696 consen-ipim
1210 2657 1303 2687 sunt.
1322 2654 1460 2694 Quibus
1478 2665 1583 2688 unam
1598 2655 1850 2692 addiderimus.

354 2713 527 2753 posterius
547 2723 565 2743 ιι
588 2712 804 2745 lticdennucr
821 2713 964 2754 editam,
985 2714 1128 2750 Hermes,
1151 2713 1240 2753 1873,
1259 2723 1292 2756 p.
1318 2713 1467 2755 tii-11¹2,
1486 2717 1520 2747 et
1536 2715 1693 2754 alterum,
1712 2725 1731 2747 n
1750 2713 1851 2747 Brdai

353 2771 610 2810 consuti-iptnm,
636 2771 738 2802 licum·
759 2771 1031 2812 arctanotoqique,
1060 2770 1154 2808 1876.
1181 2771 1320 2805 xxxii
1340 2799 1345 2809 ,
1369 2783 1400 2815 p.
1427 2772 1581 2807 115-116.
