<?xml version="1.0" encoding="UTF-8"?>
<!DOCTYPE html PUBLIC "-//W3C//DTD XHTML 1.0 Transitional//EN"
    "http://www.w3.org/TR/xhtml1/DTD/xhtml1-transitional.dtd">
<html xmlns="http://www.w3.org/1999/xhtml" xml:lang="en" lang="en">
 <head>
  <title>
</title>
<meta http-equiv="Content-Type" content="text/html;charset=utf-8" />
  <meta name='ocr-system' content='tesseract 3.04.00' />
  <meta name='ocr-capabilities' content='ocr_page ocr_carea ocr_par ocr_line ocrx_word'/>
</head>
<body>
  <div class='ocr_page' id='page_1' title='image "./delocrisopuntiis00gira_0029.png"; bbox 0 0 1916 3198; ppageno 0'>
   <div class='ocr_carea' id='block_1_1' title="bbox 0 0 28 3198">
    <p class='ocr_par' dir='ltr' id='par_1_1' title="bbox 0 0 28 3198">
     <span class='ocr_line' id='line_1_1' title="bbox 0 0 28 3198; baseline 0 0"><span class='ocrx_word' id='word_1_1' title='bbox 0 0 28 3198; x_wconf 95' lang='lat' dir='ltr'><strong> </strong></span> 
     </span>
    </p>
   </div>
   <div class='ocr_carea' id='block_1_2' title="bbox 627 229 1646 279">
    <p class='ocr_par' dir='ltr' id='par_1_2' title="bbox 627 229 1646 279">
     <span class='ocr_line' id='line_1_2' title="bbox 627 229 1646 279; baseline -0.008 0"><span class='ocrx_word' id='word_1_2' title='bbox 627 250 678 279; x_wconf 78' lang='lat' dir='ltr'><strong>DE</strong></span> <span class='ocrx_word' id='word_1_3' title='bbox 706 248 838 278; x_wconf 74' lang='lat' dir='ltr'><strong>nanus</strong></span> <span class='ocrx_word' id='word_1_4' title='bbox 867 246 1160 278; x_wconf 68' lang='lat' dir='ltr'><strong>oruwnonuu.</strong></span> <span class='ocrx_word' id='word_1_5' title='bbox 1597 229 1646 272; x_wconf 89' lang='grc'><strong>13</strong></span> 
     </span>
    </p>
   </div>
   <div class='ocr_carea' id='block_1_3' title="bbox 147 322 1643 476">
    <p class='ocr_par' dir='ltr' id='par_1_3' title="bbox 147 322 1643 476">
     <span class='ocr_line' id='line_1_3' title="bbox 147 322 1643 393; baseline -0.009 -12"><span class='ocrx_word' id='word_1_6' title='bbox 147 334 329 382; x_wconf 90' lang='lat' dir='ltr'><strong>ratione</strong></span> <span class='ocrx_word' id='word_1_7' title='bbox 352 331 508 393; x_wconf 88' lang='lat' dir='ltr'><strong>aliqua</strong></span> <span class='ocrx_word' id='word_1_8' title='bbox 545 329 732 392; x_wconf 81' lang='lat' dir='ltr'><strong>mythos</strong></span> <span class='ocrx_word' id='word_1_9' title='bbox 767 327 872 375; x_wconf 88' lang='lat' dir='ltr'><strong>illos</strong></span> <span class='ocrx_word' id='word_1_10' title='bbox 904 326 1237 383; x_wconf 84' lang='lat' dir='ltr'><strong>recordamur,</strong></span> <span class='ocrx_word' id='word_1_11' title='bbox 1268 338 1470 386; x_wconf 87' lang='lat' dir='ltr'><strong>quorum</strong></span> <span class='ocrx_word' id='word_1_12' title='bbox 1507 322 1643 384; x_wconf 82' lang='lat' dir='ltr'>quasi</span> 
     </span>
     <span class='ocr_line' id='line_1_4' title="bbox 147 409 1285 476; baseline -0.009 -12"><span class='ocrx_word' id='word_1_13' title='bbox 147 414 428 464; x_wconf 86' lang='lat' dir='ltr'><strong>incunabula</strong></span> <span class='ocrx_word' id='word_1_14' title='bbox 450 412 762 476; x_wconf 80' lang='lat' dir='ltr'><strong>Opuntiorum</strong></span> <span class='ocrx_word' id='word_1_15' title='bbox 794 417 979 458; x_wconf 90' lang='lat' dir='ltr'><strong>montes</strong></span> <span class='ocrx_word' id='word_1_16' title='bbox 1005 409 1285 457; x_wconf 82' lang='lat' dir='ltr'><strong>extiterunt.</strong></span> 
     </span>
    </p>
   </div>
   <div class='ocr_carea' id='block_1_4' title="bbox 581 578 1207 639">
    <p class='ocr_par' dir='ltr' id='par_1_4' title="bbox 581 578 1207 639">
     <span class='ocr_line' id='line_1_5' title="bbox 581 578 1207 639; baseline -0.003 -15"><span class='ocrx_word' id='word_1_17' title='bbox 581 579 636 627; x_wconf 92' lang='lat'><strong>11.</strong></span> <span class='ocrx_word' id='word_1_18' title='bbox 668 604 728 612; x_wconf 93' lang='lat'><strong>—</strong></span> <span class='ocrx_word' id='word_1_19' title='bbox 754 579 963 639; x_wconf 85' lang='lat' dir='ltr'><strong>Tempora</strong></span> <span class='ocrx_word' id='word_1_20' title='bbox 986 578 1207 624; x_wconf 76' lang='lat' dir='ltr'><strong>historica.</strong></span> 
     </span>
    </p>
   </div>
   <div class='ocr_carea' id='block_1_5' title="bbox 93 742 1656 2645">
    <p class='ocr_par' dir='ltr' id='par_1_5' title="bbox 148 742 1655 1975">
     <span class='ocr_line' id='line_1_6' title="bbox 214 742 1647 810; baseline -0.004 -15"><span class='ocrx_word' id='word_1_21' title='bbox 214 748 254 795; x_wconf 92' lang='lat' dir='ltr'><strong>A</strong></span> <span class='ocrx_word' id='word_1_22' title='bbox 276 748 441 810; x_wconf 90' lang='lat' dir='ltr'><strong>quinto</strong></span> <span class='ocrx_word' id='word_1_23' title='bbox 468 753 674 806; x_wconf 90' lang='lat' dir='ltr'><strong>tantum,</strong></span> <span class='ocrx_word' id='word_1_24' title='bbox 702 753 752 793; x_wconf 93' lang='lat' dir='ltr'><strong>ut</strong></span> <span class='ocrx_word' id='word_1_25' title='bbox 776 745 1011 808; x_wconf 81' lang='lat' dir='ltr'><strong>diximus,</strong></span> <span class='ocrx_word' id='word_1_26' title='bbox 1044 743 1208 791; x_wconf 91' lang='lat' dir='ltr'><strong>seculo</strong></span> <span class='ocrx_word' id='word_1_27' title='bbox 1226 779 1240 802; x_wconf 92' lang='lat'><strong>,</strong></span> <span class='ocrx_word' id='word_1_28' title='bbox 1273 751 1399 790; x_wconf 89' lang='lat' dir='ltr'><strong>certa</strong></span> <span class='ocrx_word' id='word_1_29' title='bbox 1426 742 1647 804; x_wconf 82' lang='lat' dir='ltr'><strong>quaedam</strong></span> 
     </span>
     <span class='ocr_line' id='line_1_7' title="bbox 150 827 1648 894; baseline -0.005 -14"><span class='ocrx_word' id='word_1_30' title='bbox 150 832 210 880; x_wconf 94' lang='lat' dir='ltr'><strong>de</strong></span> <span class='ocrx_word' id='word_1_31' title='bbox 235 832 391 880; x_wconf 89' lang='lat' dir='ltr'><strong>Locris</strong></span> <span class='ocrx_word' id='word_1_32' title='bbox 424 830 640 894; x_wconf 88' lang='lat' dir='ltr'><strong>Opuntiis</strong></span> <span class='ocrx_word' id='word_1_33' title='bbox 667 829 929 892; x_wconf 91' lang='lat' dir='ltr'><strong>comperire</strong></span> <span class='ocrx_word' id='word_1_34' title='bbox 957 829 1084 875; x_wconf 89' lang='lat' dir='ltr'><strong>licet.</strong></span> <span class='ocrx_word' id='word_1_35' title='bbox 1123 827 1324 882; x_wconf 82' lang='lat' dir='ltr'><strong>Quinam</strong></span> <span class='ocrx_word' id='word_1_36' title='bbox 1353 833 1511 873; x_wconf 91' lang='lat' dir='ltr'><strong>autem</strong></span> <span class='ocrx_word' id='word_1_37' title='bbox 1546 827 1648 873; x_wconf 85' lang='lat' dir='ltr'><strong>sue-</strong></span> 
     </span>
     <span class='ocr_line' id='line_1_8' title="bbox 149 910 1650 976; baseline -0.006 -12"><span class='ocrx_word' id='word_1_38' title='bbox 149 924 258 964; x_wconf 85' lang='lat' dir='ltr'><strong>runt</strong></span> <span class='ocrx_word' id='word_1_39' title='bbox 290 923 426 963; x_wconf 88' lang='lat' dir='ltr'><strong>antea</strong></span> <span class='ocrx_word' id='word_1_40' title='bbox 462 922 542 962; x_wconf 90' lang='lat' dir='ltr'><strong>aut</strong></span> <span class='ocrx_word' id='word_1_41' title='bbox 573 928 714 976; x_wconf 90' lang='lat' dir='ltr'><strong>quem</strong></span> <span class='ocrx_word' id='word_1_42' title='bbox 752 914 904 960; x_wconf 91' lang='lat' dir='ltr'><strong>locum</strong></span> <span class='ocrx_word' id='word_1_43' title='bbox 949 912 1073 958; x_wconf 91' lang='lat' dir='ltr'><strong>inter</strong></span> <span class='ocrx_word' id='word_1_44' title='bbox 1110 911 1229 957; x_wconf 90' lang='lat' dir='ltr'><strong>alias</strong></span> <span class='ocrx_word' id='word_1_45' title='bbox 1264 910 1650 973; x_wconf 89' lang='lat' dir='ltr'><strong>septentrionalis</strong></span> 
     </span>
     <span class='ocr_line' id='line_1_9' title="bbox 148 994 1647 1050; baseline -0.005 -3"><span class='ocrx_word' id='word_1_46' title='bbox 148 999 339 1047; x_wconf 86' lang='lat' dir='ltr'><strong>Graeciae</strong></span> <span class='ocrx_word' id='word_1_47' title='bbox 368 998 583 1046; x_wconf 88' lang='lat' dir='ltr'><strong>civitates</strong></span> <span class='ocrx_word' id='word_1_48' title='bbox 613 998 900 1044; x_wconf 71' lang='lat' dir='ltr'><strong>tenuerunt?</strong></span> <span class='ocrx_word' id='word_1_49' title='bbox 925 995 1029 1050; x_wconf 88' lang='lat' dir='ltr'><strong>Quo</strong></span> <span class='ocrx_word' id='word_1_50' title='bbox 1058 995 1199 1042; x_wconf 92' lang='lat' dir='ltr'><strong>modo</strong></span> <span class='ocrx_word' id='word_1_51' title='bbox 1227 995 1354 1041; x_wconf 89' lang='lat' dir='ltr'><strong>bello</strong></span> <span class='ocrx_word' id='word_1_52' title='bbox 1387 1009 1439 1041; x_wconf 92' lang='lat' dir='ltr'><strong>se</strong></span> <span class='ocrx_word' id='word_1_53' title='bbox 1470 994 1647 1041; x_wconf 88' lang='lat' dir='ltr'><strong>immis-</strong></span> 
     </span>
     <span class='ocr_line' id='line_1_10' title="bbox 149 1078 1648 1144; baseline -0.004 -14"><span class='ocrx_word' id='word_1_54' title='bbox 149 1089 348 1130; x_wconf 90' lang='lat' dir='ltr'><strong>cuerunt</strong></span> <span class='ocrx_word' id='word_1_55' title='bbox 380 1082 507 1144; x_wconf 90' lang='lat' dir='ltr'><strong>quod</strong></span> <span class='ocrx_word' id='word_1_56' title='bbox 543 1096 649 1128; x_wconf 91' lang='lat' dir='ltr'><strong>cum</strong></span> <span class='ocrx_word' id='word_1_57' title='bbox 679 1079 1029 1127; x_wconf 90' lang='lat' dir='ltr'><strong>Eretriensibus</strong></span> <span class='ocrx_word' id='word_1_58' title='bbox 1055 1078 1392 1125; x_wconf 83' lang='lat' dir='ltr'><strong>Chalcidenses</strong></span> <span class='ocrx_word' id='word_1_59' title='bbox 1427 1092 1648 1139; x_wconf 82' lang='lat' dir='ltr'><strong>gessere,</strong></span> 
     </span>
     <span class='ocr_line' id='line_1_11' title="bbox 151 1161 1648 1226; baseline -0.003 -14"><span class='ocrx_word' id='word_1_60' title='bbox 151 1179 371 1226; x_wconf 88' lang='lat' dir='ltr'><strong>magnum</strong></span> <span class='ocrx_word' id='word_1_61' title='bbox 399 1164 577 1212; x_wconf 90' lang='lat' dir='ltr'><strong>scilicet</strong></span> <span class='ocrx_word' id='word_1_62' title='bbox 594 1200 606 1223; x_wconf 90' lang='lat'><strong>,</strong></span> <span class='ocrx_word' id='word_1_63' title='bbox 631 1171 686 1210; x_wconf 89' lang='lat' dir='ltr'><strong>ut</strong></span> <span class='ocrx_word' id='word_1_64' title='bbox 708 1163 834 1226; x_wconf 86' lang='lat' dir='ltr'><strong>apud</strong></span> <span class='ocrx_word' id='word_1_65' title='bbox 854 1162 1179 1225; x_wconf 80' lang='lat' dir='ltr'><strong>Thucydidem</strong></span> <span class='ocrx_word' id='word_1_66' title='bbox 1203 1161 1648 1221; x_wconf 79' lang='lat' dir='ltr'><strong>animadvertimus,</strong></span> 
     </span>
     <span class='ocr_line' id='line_1_12' title="bbox 151 1245 1651 1309; baseline -0.002 -14"><span class='ocrx_word' id='word_1_67' title='bbox 151 1249 272 1296; x_wconf 92' lang='lat' dir='ltr'><strong>inter</strong></span> <span class='ocrx_word' id='word_1_68' title='bbox 302 1249 420 1295; x_wconf 90' lang='lat' dir='ltr'><strong>duas</strong></span> <span class='ocrx_word' id='word_1_69' title='bbox 446 1255 610 1309; x_wconf 79' lang='lat' dir='ltr'><strong>gentes</strong></span> <span class='ocrx_word' id='word_1_70' title='bbox 637 1247 860 1294; x_wconf 86' lang='lat' dir='ltr'><strong>finitimas</strong></span> <span class='ocrx_word' id='word_1_71' title='bbox 887 1253 1130 1294; x_wconf 91' lang='lat' dir='ltr'><strong>certamen</strong></span> <span class='ocrx_word' id='word_1_72' title='bbox 1148 1282 1161 1304; x_wconf 93' lang='lat'><strong>,</strong></span> <span class='ocrx_word' id='word_1_73' title='bbox 1191 1260 1286 1307; x_wconf 93' lang='lat' dir='ltr'><strong>quo</strong></span> <span class='ocrx_word' id='word_1_74' title='bbox 1312 1245 1492 1291; x_wconf 93' lang='lat' dir='ltr'><strong>nullum</strong></span> <span class='ocrx_word' id='word_1_75' title='bbox 1521 1245 1651 1292; x_wconf 89' lang='lat' dir='ltr'><strong>aliud</strong></span> 
     </span>
     <span class='ocr_line' id='line_1_13' title="bbox 152 1329 1651 1394; baseline -0.002 -15"><span class='ocrx_word' id='word_1_76' title='bbox 152 1346 179 1379; x_wconf 86' lang='lat' dir='ltr'><strong>a</strong></span> <span class='ocrx_word' id='word_1_77' title='bbox 218 1333 395 1393; x_wconf 88' lang='lat' dir='ltr'><strong>trojana</strong></span> <span class='ocrx_word' id='word_1_78' title='bbox 431 1331 736 1394; x_wconf 84' lang='lat' dir='ltr'><strong>expeditione</strong></span> <span class='ocrx_word' id='word_1_79' title='bbox 779 1344 934 1392; x_wconf 91' lang='lat' dir='ltr'><strong>usque</strong></span> <span class='ocrx_word' id='word_1_80' title='bbox 973 1330 1032 1376; x_wconf 91' lang='lat' dir='ltr'><strong>ad</strong></span> <span class='ocrx_word' id='word_1_81' title='bbox 1069 1329 1299 1392; x_wconf 87' lang='lat' dir='ltr'><strong>persicam</strong></span> <span class='ocrx_word' id='word_1_82' title='bbox 1342 1329 1651 1391; x_wconf 88' lang='lat' dir='ltr'><strong>irruptionem</strong></span> 
     </span>
     <span class='ocr_line' id='line_1_14' title="bbox 152 1412 1652 1478; baseline -0.001 -16"><span class='ocrx_word' id='word_1_83' title='bbox 152 1415 348 1478; x_wconf 84' lang='lat' dir='ltr'><strong>gravi-us</strong></span> <span class='ocrx_word' id='word_1_84' title='bbox 375 1415 591 1462; x_wconf 84' lang='lat' dir='ltr'><strong>extitisse</strong></span> <span class='ocrx_word' id='word_1_85' title='bbox 618 1414 812 1462; x_wconf 88' lang='lat' dir='ltr'><strong>videtur</strong></span> <span class='ocrx_word' id='word_1_86' title='bbox 851 1412 962 1476; x_wconf 79' lang='lat' dir='ltr'><strong>(l)‘?</strong></span> <span class='ocrx_word' id='word_1_87' title='bbox 997 1412 1164 1459; x_wconf 92' lang='lat' dir='ltr'><strong>Omnia</strong></span> <span class='ocrx_word' id='word_1_88' title='bbox 1198 1412 1300 1459; x_wconf 87' lang='lat' dir='ltr'><strong>haec</strong></span> <span class='ocrx_word' id='word_1_89' title='bbox 1334 1413 1472 1474; x_wconf 89' lang='lat' dir='ltr'><strong>plane</strong></span> <span class='ocrx_word' id='word_1_90' title='bbox 1501 1414 1652 1460; x_wconf 90' lang='lat' dir='ltr'><strong>nesci·</strong></span> 
     </span>
     <span class='ocr_line' id='line_1_15' title="bbox 155 1496 1654 1558; baseline -0.003 -12"><span class='ocrx_word' id='word_1_91' title='bbox 155 1513 275 1546; x_wconf 90' lang='lat' dir='ltr'><strong>mus.</strong></span> <span class='ocrx_word' id='word_1_92' title='bbox 303 1498 568 1545; x_wconf 90' lang='lat' dir='ltr'><strong>Verisimile</strong></span> <span class='ocrx_word' id='word_1_93' title='bbox 592 1504 664 1544; x_wconf 88' lang='lat' dir='ltr'><strong>est</strong></span> <span class='ocrx_word' id='word_1_94' title='bbox 692 1504 850 1544; x_wconf 85' lang='lat' dir='ltr'><strong>tamen</strong></span> <span class='ocrx_word' id='word_1_95' title='bbox 870 1496 1103 1558; x_wconf 90' lang='lat' dir='ltr'><strong>Opuntios</strong></span> <span class='ocrx_word' id='word_1_96' title='bbox 1120 1531 1131 1552; x_wconf 93' lang='lat'><strong>,</strong></span> <span class='ocrx_word' id='word_1_97' title='bbox 1154 1503 1318 1558; x_wconf 89' lang='lat' dir='ltr'><strong>utpote</strong></span> <span class='ocrx_word' id='word_1_98' title='bbox 1338 1496 1419 1557; x_wconf 87' lang='lat' dir='ltr'><strong>qui</strong></span> <span class='ocrx_word' id='word_1_99' title='bbox 1441 1496 1654 1544; x_wconf 87' lang='lat' dir='ltr'><strong>bellicosi</strong></span> 
     </span>
     <span class='ocr_line' id='line_1_16' title="bbox 155 1579 1655 1643; baseline -0.001 -15"><span class='ocrx_word' id='word_1_100' title='bbox 155 1589 342 1638; x_wconf 89' lang='lat' dir='ltr'><strong>essent,</strong></span> <span class='ocrx_word' id='word_1_101' title='bbox 373 1580 559 1627; x_wconf 91' lang='lat' dir='ltr'><strong>illorum</strong></span> <span class='ocrx_word' id='word_1_102' title='bbox 590 1581 871 1643; x_wconf 86' lang='lat' dir='ltr'><strong>proeliorum</strong></span> <span class='ocrx_word' id='word_1_103' title='bbox 906 1580 1051 1626; x_wconf 87' lang='lat' dir='ltr'><strong>fuisse</strong></span> <span class='ocrx_word' id='word_1_104' title='bbox 1087 1579 1366 1641; x_wconf 89' lang='lat' dir='ltr'><strong>participes,</strong></span> <span class='ocrx_word' id='word_1_105' title='bbox 1402 1594 1510 1641; x_wconf 85' lang='lat' dir='ltr'><strong>quae</strong></span> <span class='ocrx_word' id='word_1_106' title='bbox 1545 1587 1655 1627; x_wconf 90' lang='lat' dir='ltr'><strong>ante</strong></span> 
     </span>
     <span class='ocr_line' id='line_1_17' title="bbox 153 1662 1655 1725; baseline -0.001 -13"><span class='ocrx_word' id='word_1_107' title='bbox 153 1664 314 1712; x_wconf 88' lang='lat' dir='ltr'><strong>oculos</strong></span> <span class='ocrx_word' id='word_1_108' title='bbox 341 1677 487 1725; x_wconf 89' lang='lat' dir='ltr'><strong>prope</strong></span> <span class='ocrx_word' id='word_1_109' title='bbox 514 1664 963 1722; x_wconf 87' lang='lat' dir='ltr'><strong>committebantur;</strong></span> <span class='ocrx_word' id='word_1_110' title='bbox 994 1662 1080 1708; x_wconf 89' lang='lat' dir='ltr'><strong>sed</strong></span> <span class='ocrx_word' id='word_1_111' title='bbox 1103 1662 1285 1723; x_wconf 88' lang='lat' dir='ltr'><strong>antiqui</strong></span> <span class='ocrx_word' id='word_1_112' title='bbox 1312 1662 1566 1724; x_wconf 91' lang='lat' dir='ltr'><strong>scriptores</strong></span> <span class='ocrx_word' id='word_1_113' title='bbox 1595 1664 1655 1710; x_wconf 92' lang='lat' dir='ltr'><strong>de</strong></span> 
     </span>
     <span class='ocr_line' id='line_1_18' title="bbox 153 1745 1651 1808; baseline -0.001 -15"><span class='ocrx_word' id='word_1_114' title='bbox 153 1746 226 1793; x_wconf 92' lang='lat' dir='ltr'><strong>his</strong></span> <span class='ocrx_word' id='word_1_115' title='bbox 254 1746 367 1793; x_wconf 90' lang='lat' dir='ltr'><strong>nihil</strong></span> <span class='ocrx_word' id='word_1_116' title='bbox 396 1747 531 1793; x_wconf 89' lang='lat' dir='ltr'><strong>nobis</strong></span> <span class='ocrx_word' id='word_1_117' title='bbox 559 1746 881 1793; x_wconf 89' lang='lat' dir='ltr'><strong>tradiderunt.</strong></span> <span class='ocrx_word' id='word_1_118' title='bbox 919 1745 1040 1800; x_wconf 88' lang='lat' dir='ltr'><strong>Quid</strong></span> <span class='ocrx_word' id='word_1_119' title='bbox 1074 1759 1189 1792; x_wconf 91' lang='lat' dir='ltr'><strong>vero</strong></span> <span class='ocrx_word' id='word_1_120' title='bbox 1220 1746 1404 1806; x_wconf 84' lang='lat' dir='ltr'><strong>egerint</strong></span> <span class='ocrx_word' id='word_1_121' title='bbox 1428 1746 1651 1808; x_wconf 89' lang='lat' dir='ltr'><strong>Opuntii,</strong></span> 
     </span>
     <span class='ocr_line' id='line_1_19' title="bbox 154 1828 1655 1892; baseline -0.001 -15"><span class='ocrx_word' id='word_1_122' title='bbox 154 1844 248 1892; x_wconf 92' lang='lat' dir='ltr'><strong>quo</strong></span> <span class='ocrx_word' id='word_1_123' title='bbox 275 1837 483 1892; x_wconf 90' lang='lat' dir='ltr'><strong>tempore</strong></span> <span class='ocrx_word' id='word_1_124' title='bbox 508 1830 737 1876; x_wconf 86' lang='lat' dir='ltr'><strong>Pisistrati</strong></span> <span class='ocrx_word' id='word_1_125' title='bbox 761 1828 1065 1890; x_wconf 87' lang='lat' dir='ltr'><strong>filiorumque</strong></span> <span class='ocrx_word' id='word_1_126' title='bbox 1093 1830 1195 1889; x_wconf 90' lang='lat' dir='ltr'><strong>ejus</strong></span> <span class='ocrx_word' id='word_1_127' title='bbox 1224 1830 1436 1892; x_wconf 81' lang='lat' dir='ltr'><strong>tyrannis</strong></span> <span class='ocrx_word' id='word_1_128' title='bbox 1458 1830 1655 1878; x_wconf 91' lang='lat' dir='ltr'><strong>Athenis</strong></span> 
     </span>
     <span class='ocr_line' id='line_1_20' title="bbox 155 1913 899 1975; baseline -0.003 -15"><span class='ocrx_word' id='word_1_129' title='bbox 155 1913 378 1972; x_wconf 89' lang='lat' dir='ltr'><strong>florebat,</strong></span> <span class='ocrx_word' id='word_1_130' title='bbox 408 1913 582 1975; x_wconf 86' lang='lat' dir='ltr'><strong>pariter</strong></span> <span class='ocrx_word' id='word_1_131' title='bbox 609 1914 899 1974; x_wconf 66' lang='lat' dir='ltr'><strong>ignoramus</strong></span> 
     </span>
    </p>

    <p class='ocr_par' dir='ltr' id='par_1_6' title="bbox 93 1996 1656 2645">
     <span class='ocr_line' id='line_1_21' title="bbox 221 1996 1656 2059; baseline 0.003 -16"><span class='ocrx_word' id='word_1_132' title='bbox 221 1997 430 2043; x_wconf 90' lang='lat' dir='ltr'><strong>Primum</strong></span> <span class='ocrx_word' id='word_1_133' title='bbox 474 1997 647 2044; x_wconf 81' lang='lat' dir='ltr'><strong>Xerxis</strong></span> <span class='ocrx_word' id='word_1_134' title='bbox 687 1996 1005 2059; x_wconf 82' lang='lat' dir='ltr'><strong>expeditionis</strong></span> <span class='ocrx_word' id='word_1_135' title='bbox 1045 2003 1187 2044; x_wconf 88' lang='lat' dir='ltr'><strong>aetate</strong></span> <span class='ocrx_word' id='word_1_136' title='bbox 1222 2011 1303 2045; x_wconf 92' lang='lat' dir='ltr'><strong>eos</strong></span> <span class='ocrx_word' id='word_1_137' title='bbox 1339 2012 1445 2044; x_wconf 91' lang='lat' dir='ltr'><strong>cum</strong></span> <span class='ocrx_word' id='word_1_138' title='bbox 1487 2000 1656 2047; x_wconf 88' lang='lat' dir='ltr'><strong>ceteris</strong></span> 
     </span>
     <span class='ocr_line' id='line_1_22' title="bbox 93 2081 1652 2145; baseline 0.001 -16"><span class='ocrx_word' id='word_1_139' title='bbox 93 2125 96 2129; x_wconf 20' lang='grc' dir='ltr'><strong>Δ</strong></span> <span class='ocrx_word' id='word_1_140' title='bbox 155 2082 329 2129; x_wconf 88' lang='lat' dir='ltr'><strong>Graecis</strong></span> <span class='ocrx_word' id='word_1_141' title='bbox 364 2081 484 2129; x_wconf 64' lang='lat' dir='ltr'><strong>‚belli</strong></span> <span class='ocrx_word' id='word_1_142' title='bbox 515 2082 767 2143; x_wconf 88' lang='lat' dir='ltr'><strong>participes</strong></span> <span class='ocrx_word' id='word_1_143' title='bbox 800 2081 1218 2144; x_wconf 89' lang='lat' dir='ltr'><strong>deprehendimus.</strong></span> <span class='ocrx_word' id='word_1_144' title='bbox 1249 2082 1360 2128; x_wconf 92' lang='lat' dir='ltr'><strong>Cum</strong></span> <span class='ocrx_word' id='word_1_145' title='bbox 1389 2083 1513 2129; x_wconf 92' lang='lat' dir='ltr'><strong>enim</strong></span> <span class='ocrx_word' id='word_1_146' title='bbox 1540 2098 1652 2145; x_wconf 86' lang='lat' dir='ltr'><strong>rex,</strong></span> 
     </span>
     <span class='ocr_line' id='line_1_23' title="bbox 159 2165 1656 2227; baseline 0.002 -16"><span class='ocrx_word' id='word_1_147' title='bbox 159 2165 428 2227; x_wconf 89' lang='lat' dir='ltr'><strong>priusquam</strong></span> <span class='ocrx_word' id='word_1_148' title='bbox 451 2172 604 2211; x_wconf 88' lang='lat' dir='ltr'><strong>castra</strong></span> <span class='ocrx_word' id='word_1_149' title='bbox 630 2172 874 2224; x_wconf 88' lang='lat' dir='ltr'><strong>moveret,</strong></span> <span class='ocrx_word' id='word_1_150' title='bbox 903 2165 1082 2226; x_wconf 89' lang='lat' dir='ltr'><strong>legatos</strong></span> <span class='ocrx_word' id='word_1_151' title='bbox 1104 2166 1151 2212; x_wconf 91' lang='lat' dir='ltr'><strong>in</strong></span> <span class='ocrx_word' id='word_1_152' title='bbox 1181 2180 1346 2212; x_wconf 89' lang='lat' dir='ltr'><strong>omnes</strong></span> <span class='ocrx_word' id='word_1_153' title='bbox 1372 2167 1564 2214; x_wconf 86' lang='lat' dir='ltr'><strong>Graeciae</strong></span> <span class='ocrx_word' id='word_1_154' title='bbox 1591 2168 1656 2214; x_wconf 92' lang='lat' dir='ltr'><strong>ci-</strong></span> 
     </span>
     <span class='ocr_line' id='line_1_24' title="bbox 158 2248 1655 2311; baseline 0.001 -16"><span class='ocrx_word' id='word_1_155' title='bbox 158 2249 326 2296; x_wconf 89' lang='lat' dir='ltr'><strong>vitates</strong></span> <span class='ocrx_word' id='word_1_156' title='bbox 368 2248 573 2296; x_wconf 88' lang='lat' dir='ltr'><strong>misisset</strong></span> <span class='ocrx_word' id='word_1_157' title='bbox 614 2255 784 2296; x_wconf 90' lang='lat' dir='ltr'><strong>terram</strong></span> <span class='ocrx_word' id='word_1_158' title='bbox 817 2256 863 2296; x_wconf 92' lang='lat' dir='ltr'><strong>et</strong></span> <span class='ocrx_word' id='word_1_159' title='bbox 897 2263 1067 2310; x_wconf 88' lang='lat' dir='ltr'><strong>aquam</strong></span> <span class='ocrx_word' id='word_1_160' title='bbox 1113 2250 1453 2311; x_wconf 88' lang='lat' dir='ltr'><strong>deposcentes,</strong></span> <span class='ocrx_word' id='word_1_161' title='bbox 1495 2251 1655 2298; x_wconf 85' lang='lat' dir='ltr'><strong>multae</strong></span> 
     </span>
     <span class='ocr_line' id='line_1_25' title="bbox 153 2332 1651 2395; baseline 0.001 -17"><span class='ocrx_word' id='word_1_162' title='bbox 153 2333 316 2393; x_wconf 88' lang='lat' dir='ltr'><strong>jugum</strong></span> <span class='ocrx_word' id='word_1_163' title='bbox 351 2339 659 2394; x_wconf 86' lang='lat' dir='ltr'><strong>acceperunt,</strong></span> <span class='ocrx_word' id='word_1_164' title='bbox 698 2332 919 2379; x_wconf 89' lang='lat' dir='ltr'><strong>AEnianes</strong></span> <span class='ocrx_word' id='word_1_165' title='bbox 946 2333 1154 2391; x_wconf 88' lang='lat' dir='ltr'><strong>scilicet,</strong></span> <span class='ocrx_word' id='word_1_166' title='bbox 1193 2333 1424 2395; x_wconf 92' lang='lat' dir='ltr'><strong>Dolopes,</strong></span> <span class='ocrx_word' id='word_1_167' title='bbox 1459 2334 1651 2380; x_wconf 92' lang='lat' dir='ltr'><strong>Melien-</strong></span> 
     </span>
     <span class='ocr_line' id='line_1_26' title="bbox 157 2415 1655 2478; baseline 0.001 -16"><span class='ocrx_word' id='word_1_168' title='bbox 157 2429 260 2474; x_wconf 89' lang='lat' dir='ltr'><strong>ses,</strong></span> <span class='ocrx_word' id='word_1_169' title='bbox 299 2415 569 2478; x_wconf 85' lang='lat' dir='ltr'><strong>Perrhaebi,</strong></span> <span class='ocrx_word' id='word_1_170' title='bbox 603 2415 878 2476; x_wconf 88' lang='lat' dir='ltr'><strong>Magnetes,</strong></span> <span class='ocrx_word' id='word_1_171' title='bbox 924 2430 1127 2477; x_wconf 86' lang='lat' dir='ltr'><strong>quorum</strong></span> <span class='ocrx_word' id='word_1_172' title='bbox 1166 2416 1478 2463; x_wconf 86' lang='lat' dir='ltr'><strong>defectionem</strong></span> <span class='ocrx_word' id='word_1_173' title='bbox 1505 2418 1655 2463; x_wconf 87' lang='lat' dir='ltr'><strong>secuti</strong></span> 
     </span>
     <span class='ocr_line' id='line_1_27' title="bbox 157 2497 1654 2562; baseline 0.002 -18"><span class='ocrx_word' id='word_1_174' title='bbox 157 2504 266 2544; x_wconf 91' lang='lat' dir='ltr'><strong>sunt</strong></span> <span class='ocrx_word' id='word_1_175' title='bbox 291 2497 483 2556; x_wconf 86' lang='lat' dir='ltr'><strong>Achaei,</strong></span> <span class='ocrx_word' id='word_1_176' title='bbox 510 2498 773 2557; x_wconf 84' lang='lat' dir='ltr'><strong>Phthiotae,</strong></span> <span class='ocrx_word' id='word_1_177' title='bbox 802 2499 1040 2558; x_wconf 90' lang='lat' dir='ltr'><strong>Thessali,</strong></span> <span class='ocrx_word' id='word_1_178' title='bbox 1069 2499 1249 2557; x_wconf 86' lang='lat' dir='ltr'><strong>Boeoti,</strong></span> <span class='ocrx_word' id='word_1_179' title='bbox 1287 2499 1654 2562; x_wconf 90' lang='lat' dir='ltr'><strong>Thespiensibus</strong></span> 
     </span>
     <span class='ocr_line' id='line_1_28' title="bbox 159 2581 1653 2645; baseline 0.003 -19"><span class='ocrx_word' id='word_1_180' title='bbox 159 2586 298 2642; x_wconf 86' lang='lat' dir='ltr'><strong>atque</strong></span> <span class='ocrx_word' id='word_1_181' title='bbox 323 2581 662 2629; x_wconf 87' lang='lat' dir='ltr'><strong>Plataeensihus</strong></span> <span class='ocrx_word' id='word_1_182' title='bbox 689 2583 900 2644; x_wconf 82' lang='lat' dir='ltr'><strong>exceptis</strong></span> <span class='ocrx_word' id='word_1_183' title='bbox 917 2619 930 2640; x_wconf 92' lang='lat'>‚</span> <span class='ocrx_word' id='word_1_184' title='bbox 959 2589 1056 2628; x_wconf 91' lang='lat' dir='ltr'><strong>tum</strong></span> <span class='ocrx_word' id='word_1_185' title='bbox 1084 2583 1234 2640; x_wconf 90' lang='lat' dir='ltr'><strong>Locri,</strong></span> <span class='ocrx_word' id='word_1_186' title='bbox 1261 2590 1308 2630; x_wconf 91' lang='lat' dir='ltr'><strong>et</strong></span> <span class='ocrx_word' id='word_1_187' title='bbox 1330 2583 1419 2645; x_wconf 91' lang='lat' dir='ltr'><strong>ipsi</strong></span> <span class='ocrx_word' id='word_1_188' title='bbox 1445 2598 1653 2631; x_wconf 90' lang='lat' dir='ltr'><strong>commu·</strong></span> 
     </span>
    </p>
   </div>
   <div class='ocr_carea' id='block_1_6' title="bbox 203 2766 555 2811">
    <p class='ocr_par' dir='ltr' id='par_1_7' title="bbox 203 2766 555 2811">
     <span class='ocr_line' id='line_1_29' title="bbox 203 2766 555 2811; baseline 0.003 -9"><span class='ocrx_word' id='word_1_189' title='bbox 203 2768 247 2810; x_wconf 90' lang='lat'><strong>(1)</strong></span> <span class='ocrx_word' id='word_1_190' title='bbox 264 2766 387 2808; x_wconf 87' lang='lat' dir='ltr'><strong>Thuc.,</strong></span> <span class='ocrx_word' id='word_1_191' title='bbox 412 2770 439 2809; x_wconf 91' lang='lat'><strong>1,</strong></span> <span class='ocrx_word' id='word_1_192' title='bbox 461 2770 510 2811; x_wconf 86' lang='lat'><strong>15,</strong></span> <span class='ocrx_word' id='word_1_193' title='bbox 524 2770 555 2804; x_wconf 81' lang='lat'><strong>3.</strong></span> 
     </span>
    </p>
   </div>
  </div>
 </body>
</html>
