1916 3198
394 273 444 313 20
913 283 964 312 nn
994 282 1139 313 Locms
1167 280 1381 313 oPUN'rns.

395 365 622 422 tabimus,
651 368 847 424 apparet
877 361 1106 424 Opuntios
1142 363 1190 408 in
1230 363 1310 409 illa
1344 370 1484 410 aetate
1525 364 1730 411 maxime
1763 363 1890 410 inter

393 462 557 495 omnes
604 445 984 507 septentrionalis
1024 445 1216 493 Graeciae
1258 447 1456 508 populos
1502 447 1742 508 viguisse,
1780 461 1888 494 cum

393 545 487 578 non
515 528 836 576 dubitaverint
864 542 1033 589 magno
1073 529 1248 576 civium
1285 545 1481 576 numero
1516 545 1568 577 se
1605 531 1733 592 ipsos
1761 530 1890 576 frau-

392 613 532 671 dare,
564 618 614 657 ut
642 618 849 658 veterem
885 625 991 657 cum
1019 611 1172 659 Ozolis
1206 612 1569 659 corroborarent
1603 612 1886 671 amicitiam,

390 703 533 758 atque
569 696 614 741 in
658 701 752 741 tota
792 694 984 756 regione
1020 701 1148 742 trans
1187 695 1470 742 Parnassum
1507 697 1596 743 sita
1638 696 1888 759 imperium

390 780 480 826 sibi
508 787 555 826 et
580 779 906 826 auctoritatem
933 777 1285 827 confirmarent.

455 863 558 918 Quo
591 863 730 910 modo
761 877 876 910 vero
902 862 1013 910 belli
1047 864 1425 925 peloponnesiaci
1457 870 1667 925 tempore
1692 861 1889 925 Opuntii

389 962 442 994 se
471 947 728 1007 gesserint,
766 945 958 994 difficile
997 953 1069 993 est
1104 948 1301 1009 exequi,
1344 955 1435 995 tam
1483 948 1615 1010 parvi
1660 946 1890 994 momenti

391 1032 581 1077 fuerunt
601 1031 648 1076 in
664 1031 744 1078 illo
765 1030 964 1077 duarum
987 1031 1302 1077 maximarum
1317 1032 1526 1092 gentium
1549 1045 1801 1079 concursu.
1818 1030 1892 1078 Vi·

391 1115 557 1161 demus
579 1121 734 1161 tamen
750 1128 831 1161 eos
850 1113 976 1160 haud
1001 1114 1198 1174 ignavos
1212 1115 1461 1173 mansisse,
1477 1115 1516 1162 si
1541 1114 1736 1176 quidem
1749 1113 1892 1176 scrip·

393 1198 570 1246 toribus
603 1197 840 1244 credimus
873 1197 953 1258 qui
988 1197 1161 1244 bellum
1200 1198 1289 1245 hoc
1320 1204 1664 1256 narraverunt,
1704 1197 1890 1260 Thucy·

390 1281 488 1327 didi
509 1294 677 1342 nempe
703 1294 757 1326 ac
782 1279 989 1327 Diodoro
1013 1280 1264 1327 Siciliensi.
1295 1281 1508 1342 Namque
1531 1295 1557 1327 a
1583 1280 1815 1343 principio
1829 1279 1890 1327 ad

390 1363 771 1410 Lacedaemonios
788 1363 1029 1409 transiisse
1046 1363 1289 1422 discimus,
1305 1365 1408 1411 sive
1428 1363 1793 1411 Atheniensium
1807 1363 1890 1411 do-

390 1446 659 1493 minationis
693 1446 831 1492 etiam
862 1453 957 1492 tum
989 1461 1221 1494 memores
1249 1455 1383 1494 erant
1403 1485 1413 1502 ,
1438 1462 1522 1495 seu
1548 1462 1665 1509 gens
1692 1447 1891 1508 agrestis

389 1538 435 1577 et
479 1530 707 1577 libertatis
746 1543 909 1576 amans
952 1530 1155 1576 vicinam
1194 1530 1558 1578 Atheniensium
1612 1537 1889 1593 potestatem

390 1613 741 1660 reformidabat.
772 1613 1012 1674 Quidquid
1052 1613 1100 1659 id
1133 1621 1229 1671 est,
1267 1614 1391 1661 inter
1423 1614 1889 1662 Lacedaemoniorum

387 1697 558 1753 socios,
584 1695 844 1742 secundum
871 1695 1196 1758 Thucydidem
1227 1703 1273 1743 et
1299 1695 1581 1754 Diodorum,
1609 1696 1889 1744 numerandi

387 1787 498 1826 sunt
528 1779 719 1842 Opuntii
746 1776 849 1842 (l);
881 1779 1064 1840 equites
1098 1779 1468 1841 suppeditabant
1503 1778 1595 1843 (2).
1626 1779 1889 1828 Athenien-

387 1864 507 1909 sium
569 1876 682 1909 vero
733 1868 888 1923 partes
942 1862 1162 1909 Messenii
1216 1862 1442 1924 Naupacti
1495 1863 1764 1911 habitantes
1813 1861 1889 1928 (3)

388 1960 647 2007 omnesque
682 1944 836 1992 Ozolae
870 1943 944 2008 (4)
975 1946 1125 1992 secuti
1166 1952 1302 2004 sunt,
1337 1947 1550 2008 exceptis
1581 1945 1890 2008 Amphissen-

387 2029 518 2076 sibus
546 2027 638 2091 (5).
668 2029 732 2075 lta
761 2036 949 2090 ruptum
987 2036 1059 2075 est
1098 2029 1355 2075 fraternum
1390 2028 1512 2076 iuter
1536 2029 1707 2077 Locros
1735 2029 1888 2078 foedus
1913 2074 1916 2075 γ

388 2120 433 2160 et
460 2112 612 2160 coloni
640 2119 802 2159 contra
833 2112 1029 2174 patriam
1056 2127 1186 2159 arma
1218 2112 1446 2160 tulerunt.

452 2195 605 2242 Primo
638 2195 780 2255 igitur
806 2194 915 2241 belli
944 2210 1068 2241 anno
1096 2193 1234 2257 (43⁴)
1253 2231 1264 2252 ,
1294 2195 1656 2243 Atheniensium
1688 2195 1884 2256 classis,
1913 2213 1916 2219 ·

385 2278 693 2341 Cleopompo,
732 2278 892 2325 Cliniae
936 2278 1101 2337 fratrc,
1138 2278 1423 2341 imperante,
1461 2278 1686 2341 Euripum
1730 2261 1916 2346 ingre-,L

386 2362 539 2422 ditur,
581 2363 846 2423 militesque
891 2362 936 2408 in
976 2363 1227 2410 Locrorum
1259 2362 1392 2410 littus
1429 2362 1648 2424 exponit,
1685 2358 1916 2432 quorum}

1908 2445 1916 2506 ς

427 2564 470 2603 (ι)
492 2562 618 2601 Time„
641 2561 800 2605 11‚9‚·2;
825 2563 926 2597 mod.
948 2564 1035 2603 sio..
1057 2562 1136 2603 xii,
1161 2563 1212 2603 42,
1235 2561 1265 2595 t.
1908 2524 1916 2551 '⁵

425 2624 553 2664 mni„
582 2623 633 2661 ιι,
655 2624 687 2661 9,
709 2623 739 2657 a.

424 2682 676 2724 (3)1‹1.‚11‚9,
702 2683 732 2716 4.

425 2742 473 2782 (4)
494 2741 558 2779 Μ..
585 2742 651 2781 111,
668 2743 721 2783 95,
743 2743 773 2775 3.

424 2801 470 2839 (5)
490 2800 588 2832 l)i‹ul.
618 2801 703 2838 Sic„
725 2801 807 2839 ΧΗ,
831 2801 880 2840 42,
906 2802 934 2834 4.
