1916 3198
641 250 693 279 nn
721 248 854 278 annus
875 245 1166 278 ommrloauu.
1602 230 1651 271 29

167 331 366 392 infensi,
393 329 521 393 quod
546 329 645 376 suis
670 328 810 375 rebus
839 342 1000 390 parum
1029 325 1368 384 inservissent,
1396 324 1457 371 ad
1487 324 1651 371 Antio-

165 416 304 463 chum
322 450 336 474 ,
367 413 516 477 Syriae
542 426 700 473 regem
721 450 731 468 ‚
760 411 1037 472 confugiunt
1060 446 1072 469 ,
1103 418 1150 457 et
1171 409 1351 456 auxilio
1377 409 1480 469 ejus
1512 409 1616 455 freti
1639 445 1652 466 ,

165 497 484 547 Macedoniam
511 495 773 543 dissolvere
804 494 1162 556 aggrediuntur.
1201 493 1405 539 Primum
1442 506 1558 540 vero
1594 492 1654 539 ab

166 578 396 628 Antiocho
418 578 590 639 ignave
605 593 679 625 res
699 586 946 639 geruntur,
971 577 1122 624 donec
1145 576 1382 623 exercitus
1409 589 1652 634 romanus,

165 662 357 711 consule
393 661 515 709 duce
546 660 698 708 Acilio
725 661 1010 722 Glabrione,
1047 659 1342 722 supervenit.
1379 658 1435 705 Et
1468 674 1653 706 rursum

165 747 227 794 ad
257 745 594 808 Thermopylas
629 760 785 808 pugna
822 744 1130 792 committitur
1157 741 1326 806 (⁴9⁴),
1368 742 1414 789 in
1443 756 1534 804 qua
1563 757 1657 789 cae-

167 829 343 876 duntur
387 828 525 877 AEtoli
563 835 706 890 atque
742 827 962 875 Antiochi
1002 827 1195 874 milites.
1231 826 1345 872 Tum
1370 828 1474 872 sine
1511 825 1658 872 dubio

166 912 475 975 Opuntiorum
502 912 631 972 regio
654 926 681 958 a
714 912 935 959 Romanis
962 911 1132 958 iterum
1161 916 1388 972 occupata
1416 916 1504 957 est.
1540 909 1657 956 Obs-

166 996 375 1044 curiores
400 995 573 1042 deinde
597 994 714 1043 fiunt
740 995 990 1042 Locrorum
1018 1009 1111 1052 res,
1142 1008 1297 1055 neque
1324 1008 1487 1041 eorum
1515 993 1658 1040 vesti-

166 1079 243 1140 gia
268 1078 403 1126 facile
430 1078 689 1141 reperimus
725 1085 977 1140 antequam
1017 1077 1181 1125 consul
1210 1077 1427 1124 Metellus
1458 1077 1550 1123 illis
1583 1091 1659 1124 re-

167 1162 386 1224 gionibus
418 1162 593 1209 bellum
629 1162 814 1210 inferat.
842 1162 1035 1209 Sublato
1065 1162 1191 1209 enim
1227 1160 1423 1208 AEtolico
1451 1160 1655 1220 foedere,

169 1245 439 1294 Macedonia
467 1253 514 1292 et
545 1246 645 1307 ipsa
671 1246 791 1293 victa
818 1246 995 1304 suerat3
1031 1259 1196 1293 verum
1215 1281 1228 1304 ,
1259 1259 1384 1291 anno
1411 1242 1503 1292 ⁴52
1520 1280 1534 1301 ‚
1560 1245 1657 1290 An·

170 1329 351 1376 driscus
371 1329 563 1390 quidam
583 1364 594 1386 ,
623 1329 703 1390 qui
736 1343 788 1375 se
818 1329 1012 1376 Perseos
1040 1327 1187 1374 filium
1212 1327 1548 1383 contendebat,
1577 1341 1659 1374 no-

172 1427 282 1458 vum
305 1412 396 1458 ciet
413 1412 642 1459 adversus
658 1413 892 1459 Romanos
913 1412 1118 1471 bellum;
1142 1412 1227 1458 sed
1250 1426 1361 1458 mox
1385 1418 1550 1473 captus
1569 1411 1659 1458 Ro-

170 1509 293 1542 mam
321 1495 518 1542 mittitur
545 1493 587 1557 (l
602 1493 700 1558 47).
731 1495 785 1541 Et
819 1495 986 1542 eodem
1015 1495 1161 1541 ferme
1190 1502 1400 1556 tempore
1418 1530 1431 1553 ,
1462 1492 1657 1554 Achaei,

169 1592 275 1624 cum
290 1592 416 1639 aegre
432 1579 605 1625 terrent
625 1593 843 1626 romanos
859 1579 1038 1640 legatos
1060 1578 1304 1625 certamini
1323 1578 1658 1640 intervenisse,

169 1662 297 1723 quod
333 1662 446 1724 ipsis
490 1674 597 1709 cum
641 1663 1010 1710 Lacedaemoniis
1056 1670 1180 1719 erat,
1226 1669 1386 1709 contra
1427 1662 1661 1709 Romanos

169 1759 297 1792 arma
324 1745 495 1792 ferunt.
528 1744 736 1800 Quorum
765 1747 965 1794 fortunae
989 1745 1319 1792 Chalcidenses
1346 1753 1393 1792 et
1416 1746 1565 1792 Boeoti
1591 1759 1663 1793 so·

170 1829 268 1876 cios
295 1843 348 1876 se
373 1829 632 1888 declarant,
662 1843 716 1876 ac
741 1830 929 1877 Metello
956 1844 982 1876 e
1008 1830 1301 1886 Macedonia,
1336 1829 1415 1875 ubi
1447 1843 1662 1891 perman-

171 1920 321 1971 serat,
356 1912 662 1959 descendenti
697 1913 915 1976 proelium
950 1928 975 1960 a
1015 1913 1256 1960 loederatis
1280 1913 1341 1959 ad
1374 1912 1660 1974 Scarpheam

172 1997 366 2044 offertur
391 1993 532 2059 (⁴47)
557 1994 650 2060 (l).
688 1996 736 2042 ln
772 2011 866 2058 quo
895 1997 1092 2044 vincunt
1122 1997 1336 2044 Romani.
1369 1996 1478 2043 Haec
1503 2004 1662 2043 autem

95 2126 99 2130 .
173 2078 367 2127 victoria
392 2085 439 2126 et
464 2079 717 2127 Locrorum
739 2086 786 2127 et
810 2080 1022 2127 omnium
1045 2080 1317 2127 Graecorum
1341 2079 1546 2126 libertati
1575 2086 1665 2126 ter-

174 2162 350 2209 minum
376 2163 652 2224 assignavit.
683 2162 821 2212 Anno
848 2164 973 2211 enim
1002 2162 1093 2209 446
1111 2200 1124 2222 ‚
1151 2164 1196 2210 in
1218 2164 1508 2225 provinciam
1535 2163 1663 2210 Grae-

173 2246 243 2293 cia
265 2246 355 2293 sub
376 2245 567 2293 Achaiae
594 2247 729 2294 titulo
755 2247 944 2294 redacta
971 2254 1060 2294 est,

239 2330 331 2376 Nos
356 2343 472 2376 vero
504 2329 606 2376 haec
630 2331 865 2378 narrando
889 2331 1069 2378 diutius
1094 2345 1187 2379 non
1224 2331 1528 2378 morabimur.
1555 2329 1665 2379 Pro·

175 2413 274 2476 pria
299 2413 424 2461 enim
446 2412 757 2476 Opuntiorum
783 2415 979 2462 historia
1006 2415 1156 2476 magis
1183 2429 1238 2462 ac
1258 2414 1407 2475 magis
1431 2428 1538 2460 cum
1567 2414 1667 2461 uni·

100 2533 102 2535 >
174 2510 325 2544 versae
350 2496 545 2544 Graeciae
573 2497 770 2545 historia
795 2498 1116 2546 confunditur.
1150 2498 1325 2546 Forsan
1353 2504 1400 2544 et
1421 2511 1546 2546 anno
1569 2497 1630 2543 86
1648 2531 1665 2560 ‚

175 2593 280 2626 cum
310 2579 358 2626 in
390 2580 568 2628 Boeotia
605 2581 731 2644 Sylla
766 2581 944 2628 bellum
982 2582 1156 2629 faceret
1192 2587 1239 2627 et
1276 2580 1336 2628 ad
1362 2579 1666 2628 Chaeroneam

218 2750 261 2793 (1)
284 2751 447 2793 Pausan..
467 2751 549 2795 VII,
574 2753 622 2794 15,
641 2752 673 2788 3.
