1916 3198
781 267 834 300 nn·
861 267 1054 300 Annuus.
1614 255 1665 300 95

170 366 226 400 ac
257 351 487 400 severitas
512 350 671 412 aliqua
698 350 744 396 in
780 348 853 396 his
886 349 1206 397 monumentis
1243 350 1663 407 animadvertitur,

172 442 392 497 tanquam
415 449 475 482 ex
501 433 723 494 religioso
750 433 958 494 quodam
983 447 1127 480 sensu
1149 439 1274 479 nata.
1302 432 1427 479 Inter
1451 433 1574 479 enim
1595 439 1667 495 ty-

171 532 256 581 pos
282 518 629 575 usitatissimos,
660 516 748 563 dea
770 516 943 564 sedens
973 516 1229 578 reperitur,
1259 530 1364 562 cum
1388 516 1598 563 crinibus
1620 516 1667 562 in

174 602 326 649 fronte
352 601 537 659 divisis,
565 607 610 647 et
638 600 791 662 capite
821 599 915 647 alta
939 600 1074 646 mitra
1094 635 1106 658 ,
1136 599 1263 646 unde
1289 599 1448 646 velum
1474 600 1667 661 pendet,

172 692 413 747 coopert0,
445 690 491 730 et
517 683 663 731 altera
693 697 833 730 manu
862 683 1042 745 pectori
1073 682 1322 744 applicata.
1348 682 1490 742 Cujus
1516 690 1672 729 auste-

174 768 359 815 ritatem
389 767 525 815 facile
554 766 817 828 intelliges,
852 767 891 813 si
920 767 965 812 in
998 766 1154 813 tabula
1179 766 1214 811 11
1243 766 1446 812 mediam
1472 764 1670 826 figuram

177 851 247 914 (n.
277 850 330 912 2)
356 850 734 898 consideraveris
757 848 849 913 (4).
884 849 1000 904 Quae
1020 886 1032 907 ,
1070 850 1155 895 etsi
1186 849 1468 897 anteriorem
1504 850 1671 911 capitis

178 934 474 996 pectorisque
499 939 677 995 partem
706 939 884 979 tantum
912 932 1149 989 ostendit,
1183 939 1337 978 tamen
1373 947 1478 979 cum
1507 932 1670 994 figuris

179 1023 326 1065 totum
362 1030 532 1078 corpus
570 1015 1018 1077 repraesentantibus
1039 1016 1148 1075 jure
1181 1016 1444 1077 comparari
1482 1023 1671 1078 potest;

178 1098 302 1145 idem
325 1097 450 1144 enim
471 1096 627 1144 cultus
648 1111 752 1144 eam
772 1097 981 1154 decorat,
1010 1099 1177 1144 eadem
1204 1104 1426 1159 tanquam
1453 1099 1676 1159 religiosa

178 1180 406 1230 serenitas
429 1180 645 1241 insignit.
675 1181 744 1227 Ex
772 1181 999 1228 euboeicis
1021 1189 1178 1228 autem
1206 1180 1368 1242 figuris
1392 1182 1451 1227 ab
1478 1188 1679 1243 utroque

181 1264 328 1311 latere
355 1263 593 1325 expressis
619 1263 691 1326 (n.
725 1265 742 1310 t
769 1300 782 1323 ‚
814 1264 892 1327 3),
924 1265 1089 1312 videre
1115 1271 1187 1312 est
1214 1272 1441 1326 quantum
1477 1279 1554 1312 ars
1589 1265 1679 1312 Eu-

183 1347 447 1394 boeensium
470 1346 782 1410 Opuntiorum
803 1355 903 1394 arte
928 1348 1070 1394 fuerit
1095 1348 1362 1410 perfectior.
1387 1348 1435 1394 In
1456 1348 1529 1394 his
1551 1349 1677 1395 enim

183 1430 368 1477 duabus
394 1429 580 1491 figuris,
613 1430 863 1478 theatrales
888 1445 1113 1493 personas
1141 1431 1479 1478 exhibentibus
1500 1468 1512 1490 ,
1541 1447 1679 1480 cona-

189 1520 261 1560 tus
287 1520 359 1560 est
378 1513 548 1560 artifex
571 1514 772 1575 tragicos
795 1529 964 1561 sensus
992 1513 1246 1575 effingere,
1273 1529 1327 1561 ac
1356 1515 1553 1562 senilem
1582 1516 1685 1563 vul·

189 1603 286 1644 tum
312 1595 384 1659 (n.
417 1596 468 1659 3)
500 1597 647 1658 perita
680 1612 822 1644 manu
850 1598 1073 1660 sculpsit,
1104 1613 1157 1645 os
1190 1598 1442 1645 immodice
1471 1600 1682 1661 aperuit,

186 1680 436 1742 supercilia
462 1687 570 1742 apte
593 1682 858 1739 contraxit3
891 1688 989 1728 tum
1027 1682 1075 1727 in
1104 1682 1308 1728 feminea
1342 1697 1534 1744 quoque
1568 1683 1685 1730 facie

186 1761 258 1825 (n.
288 1761 338 1826 t)
357 1763 568 1810 dolorem
596 1764 888 1826 expressisse
914 1764 1103 1811 videtur
1124 1772 1171 1811 et
1200 1765 1366 1811 eadem
1396 1780 1563 1814 manus
1587 1766 1688 1813 feli-

189 1845 328 1892 citate
345 1846 585 1893 materiam
613 1846 800 1908 subegit
815 1846 906 1908 (2).
927 1846 986 1893 At
1002 1846 1167 1894 fictiles
1182 1847 1495 1910 Opuntiorum
1521 1848 1688 1910 figurae

191 1929 328 1976 talem
359 1930 691 1992 perfectionem
720 1945 961 1992 nunquam
992 1946 1091 1992 pree
1117 1946 1168 1978 se
1196 1932 1379 1990 ferunt,
1419 1933 1503 1979 sed
1540 1933 1687 1980 inele-

193 2020 356 2073 gantes
380 2013 657 2075 plerumque
680 2014 924 2074 rudesque
944 2022 1055 2060 sunt
1078 2015 1324 2075 imagines,
1346 2015 1391 2060 in
1418 2016 1590 2076 quibus
1614 2017 1688 2078 pia

129 2105 132 2109 ·
195 2095 411 2156 quaedam
447 2096 591 2142 animi
629 2097 851 2143 voluntas
883 2104 1110 2159 apparet3
1156 2112 1242 2144 nec
1280 2099 1479 2145 multum
1513 2113 1540 2145 a
1575 2114 1690 2147 vero

196 2178 556 2236 abhorreamus,
587 2179 626 2225 si
653 2180 996 2227 contendamus
1019 2181 1274 2227 maximam
1305 2182 1490 2228 illarum
1516 2181 1688 2244 figura-

198 2275 303 2308 rum
340 2268 520 2324 partem
558 2261 698 2320 deos,
728 2269 808 2308 aut
836 2263 992 2325 potius
1020 2263 1133 2310 deas
1167 2262 1431 2326 (pleraeque
1458 2266 1583 2312 enim
1622 2267 1692 2314 fe·-

202 2344 353 2392 minas
379 2344 672 2407 exprimunt)
698 2352 1039 2407 repraesentare
1064 2345 1148 2409 (3).

248 2541 295 2584 (1)
314 2540 403 2575 Haec
419 2541 538 2575 tabula
557 2544 592 2575 et
608 2551 648 2575 ea
664 2550 744 2584 quae
760 2543 931 2585 sequitur,
952 2553 1034 2577 cum
1049 2544 1257 2577 amicissimi
1276 2543 1412 2578 Martha
1428 2548 1534 2587 atque
1551 2544 1697 2580 editoris

205 2611 401 2642 consensu,
423 2602 640 2645 depromptae
660 2606 742 2635 sunt
761 2612 780 2636 e
798 2603 982 2646 Cataloque
997 2604 1053 2637 des
1069 2605 1235 2646 tigurinos
1254 2614 1296 2638 en
1317 2610 1402 2639 terre
1417 2607 1506 2640 cuite
1523 2608 1571 2640 du
1588 2609 1698 2640 musee

203 2661 244 2694 de
264 2661 298 2694 la
315 2662 445 2694 Socim
460 2661 716 2704 archeoloqique
735 2661 926 2697 d'Athenes.

244 2720 290 2762 (2)
312 2719 358 2754 V.
374 2719 409 2754 J.
430 2720 578 2758 Martha.
602 2721 793 2764 catalogue,
813 2724 894 2762 etc„
917 2732 952 2755 n.
970 2722 1043 2762 646,
1063 2721 1137 2755 647.

247 2779 293 2822 t3)
312 2778 356 2814 V.
377 2781 494 2814 varias
512 2781 658 2814 dearum
676 2781 805 2823 figuras
821 2808 828 2819 .
859 2782 1042 2824 cataloque
1059 2783 1100 2816 de
1114 2782 1150 2816 la
1168 2783 1344 2817 collection
1358 2784 1582 2826 d'aneiquiees
1605 2794 1699 2827 orec*
