1916 3198
317 183 366 225 46
824 194 876 224 DE
907 194 1052 225 Locms
1081 194 1290 224 OPUNTIIS.

381 277 543 337 Neque
577 275 667 322 alia
701 274 995 335 antiquitatis
1028 274 1228 335 vestigia
1263 287 1458 335 campus
1493 273 1668 320 circum
1701 274 1810 319 Ata·
1860 276 1866 281 ’

318 361 427 405 Ianti
447 364 692 420 porrectus
714 356 941 418 possidet.
971 356 1137 403 Portus
1160 358 1285 403 enim
1307 356 1454 414 Scala,
1477 356 1584 418 pagi
1605 355 1828 402 Scander-v

314 443 414 503 Aqa
435 448 482 488 et
501 440 720 498 Moulkia,
747 454 867 501 quos
890 439 1012 485 inter
1033 440 1110 486 via
1133 440 1193 485 ab
1212 441 1415 485 Atalanta·
1435 439 1493 485 ad
1517 439 1647 486 Scala
1669 439 1809 485 ducta

316 525 550 586 dirigitur,
573 523 686 569 nihil
710 523 915 570 offerunt
935 523 1062 583 quod
1077 523 1136 569 ad
1159 530 1342 570 veteres
1357 523 1587 584 Opuntios
1608 529 1804 584 spectet.

314 607 375 654 At
402 614 494 655 tres
521 607 688 653 insulae
713 613 876 653 contra
898 606 1028 653 Scala
1054 606 1238 667 positae,
1267 621 1466 667 quarum
1497 620 1590 652 una
1616 606 1808 666 antiqua

315 699 386 739 est
412 691 653 749 Atalante,
683 704 710 736 a
736 689 1044 752 scriptoribus
1079 696 1334 736 memorata
1354 724 1366 746 ,
1396 689 1510 735 nihil
1547 689 1637 735 nisi
1667 688 1807 735 semi-

316 783 419 822 ruta
470 775 641 821 sacella
688 788 742 820 ac
794 773 1046 821 nonnullas
1091 773 1257 820 domos
1301 773 1512 820 desertas
1559 772 1834 834 dumisque

313 859 497 906 abditas
523 857 787 904 continent.

380 943 526 989 Pauca
555 941 723 987 rudera
753 947 799 987 et
825 940 904 986 illa
931 954 1041 1001 pars
1068 939 1278 988 Locridis
1302 939 1518 998 exhibet,
1544 953 1651 1000 quae
1676 938 1811 1001 Epic-

313 1026 532 1072 nemidiis
558 1024 756 1070 finitima
789 1030 878 1070 est.
908 1023 1023 1068 Nam
1057 1023 1095 1069 si
1125 1022 1375 1084 exceperis
1406 1027 1556 1070 turres
1581 1021 1808 1083 quasdam

312 1110 529 1171 antiquas
563 1122 617 1154 ac
655 1106 879 1154 nonnulla
913 1106 1127 1168 sepulcra
1166 1120 1274 1167 quae
1313 1105 1358 1151 in
1392 1105 1629 1152 montibus
1667 1119 1810 1167 super

311 1193 618 1252 Scander-Aya
645 1190 785 1236 editis
819 1189 992 1251 passim
1031 1195 1312 1246 occurrunt,
1345 1188 1461 1234 nihil
1490 1202 1636 1250 prope
1664 1193 1736 1234 est
1762 1187 1809 1234 in

311 1275 388 1321 illa
424 1275 616 1334 regione
641 1272 768 1333 quod
797 1272 1123 1332 antiquitatem
1154 1272 1345 1318 referat.
1376 1270 1436 1316 At
1457 1271 1587 1316 littus
1606 1270 1736 1331 plura
1765 1277 1812 1316 et

314 1359 488 1418 majora
518 1358 861 1419 praeteritarum
889 1362 1080 1402 aetatum
1107 1360 1411 1402 monumenta
1441 1353 1664 1400 ostendit.

377 1442 446 1488 Ex
475 1441 681 1488 Atalanti
715 1439 840 1486 enim
881 1437 1091 1485 venienti
1131 1438 1334 1499 primum
1368 1438 1621 1483 Livanatais
1663 1450 1810 1498 pagus

310 1540 416 1572 sese
451 1525 613 1581 offert,
644 1538 784 1584 quem
821 1523 868 1568 in
899 1522 1017 1568 duas
1046 1528 1200 1583 partes
1229 1527 1412 1567 torrens
1440 1520 1630 1568 dividit.
1659 1519 1805 1578 Tum,

311 1608 350 1654 si
388 1606 755 1669 septentrionem
789 1611 983 1666 petens,
1016 1604 1302 1666 paulumque
1341 1603 1402 1650 ad
1438 1603 1669 1650 orientem
1701 1616 1810 1650 ver-

311 1704 452 1750 gens,
483 1689 730 1735 dimidiam
766 1688 930 1735 horam
968 1687 1088 1733 ultra
1127 1674 1372 1748 procedis,
1405 1686 1612 1732 tumulus
1639 1686 1686 1732 in
1717 1699 1811 1747 quo

311 1771 520 1819 fictilium
570 1786 726 1819 rerum
768 1779 910 1832 atque
954 1770 1287 1832 amphorarum
1334 1770 1594 1830 fragmenta
1639 1776 1809 1816 terram

310 1857 616 1919 cooperiunt,
648 1854 731 1901 tibi
769 1860 879 1900 ante
915 1853 1077 1900 oculos
1115 1853 1356 1913 assurgit;
1391 1852 1436 1898 in
1477 1867 1572 1913 quo
1605 1859 1698 1899 tres
1731 1858 1814 1899 aut

310 1946 513 2001 quatuor
544 1939 708 1996 fossae,
728 1938 788 1984 ab
817 1936 1053 1997 indigenis
1081 1943 1260 1998 apertae
1279 1971 1290 1993 ,
1320 1935 1534 1997 sepulcra
1562 1935 1812 1996 designare

310 2023 562 2081 videntur3
591 2036 676 2068 nec
711 2020 871 2083 procul
906 2034 1102 2067 cernere
1134 2026 1262 2077 erat,
1295 2034 1400 2066 cum
1436 2019 1530 2065 illic
1562 2019 1808 2078 adessem,

311 2105 560 2153 nonnullas
597 2119 656 2152 ex
695 2105 750 2150 iis
788 2102 1009 2150 fictilibus
1049 2102 1223 2149 tabulis
1262 2102 1439 2163 quibus
1467 2101 1614 2148 Graeci
1651 2102 1810 2164 sepul·

311 2195 437 2235 turas
462 2195 619 2248 tegere
645 2187 878 2234 solebant.
904 2186 996 2232 Has
1021 2192 1179 2231 autem
1210 2185 1376 2231 ruinas
1401 2183 1578 2246 Cynum
1604 2184 1811 2232 indicare

309 2272 423 2319 Ross
447 2269 759 2333 asfi1·mat(l),
784 2284 923 2331 quam
954 2269 1073 2315 inter
1095 2275 1239 2330 atque
1263 2267 1497 2330 Opuntem
1526 2268 1657 2315 ferax
1683 2281 1809 2314 cam-

311 2369 399 2416 pus
428 2353 742 2416 interjacebat
762 2351 855 2415 (2).

376 2438 423 2484 ln
450 2451 570 2500 pago
591 2443 747 2484 autem
774 2438 1028 2483 Livanacais
1063 2436 1190 2482 nulla
1221 2435 1396 2483 veteris
1423 2441 1673 2482 structurae
1701 2449 1808 2482 ves-

353 2645 378 2684 (l
419 2646 481 2680 0›.
501 2645 573 2684 cit..
599 2647 632 2683 1,
681 2643 762 2677 AM.

352 2646 398 2745 (¹23
416 2656 544 2744 st'rnb..
565 2704 625 2743 lx,
650 2655 707 2736 ΕΠ)
730 2717 736 2735 :
821 2706 939 2746 μιταξὺ
960 2705 994 2736 δὲ
1019 2702 1200 2741 Ὀποῦντος
1219 2704 1275 2736 καὶ
1295 2703 1401 2736 Κύνου
1421 2702 1534 2735 πεδίον
1554 2703 1721 2746 εὔδαιμον.
