1916 3198
637 272 689 300 nn
717 271 850 300 nunus
879 271 1168 302 OPUNTIORUM.
1603 260 1651 300 27

153 351 249 410 J'am
278 355 604 413 pugnaverant.
624 348 724 413 (l);
755 350 839 397 sed
866 351 1120 398 maximam
1150 351 1336 398 laudem
1360 352 1518 414 adepti
1543 358 1653 398 sunt

158 432 238 478 illo
270 433 436 494 proelio
457 433 583 494 quod
618 433 677 480 ad
714 432 1051 497 Thermopylas
1076 449 1183 482 cum
1214 435 1359 482 Gallis
1398 450 1652 483 conserue-

157 523 264 562 runt
294 514 450 579 (279),
480 516 528 562 ln
557 531 652 578 quo
674 523 720 564 et
753 516 983 580 Opuntios
1006 519 1325 566 decertavisse
1352 519 1595 577 discimus,
1625 533 1652 566 a

156 598 296 646 Midia
336 599 540 660 quodam
581 600 775 658 ductos,
817 607 862 647 et
901 602 1229 663 septingentos
1268 602 1451 664 pedites
1487 603 1651 650 AEtolis

154 682 532 745 suppeditavisse
564 682 654 748 (2).
689 684 911 732 Vicerunt
941 686 1107 744 AEtoli,
1144 699 1198 733 ac
1223 692 1502 748 potestatem
1536 687 1648 734 inde

154 771 295 827 atque
330 767 655 814 auctoritatem
694 768 740 814 in
778 769 1132 831 septentrionali
1164 769 1343 816 Graecia
1382 770 1471 816 sibi
1506 784 1646 832 pepe·

154 856 342 910 rerunt,
372 865 478 912 quae
511 866 661 913 usque
692 852 751 898 ad
778 852 1092 900 Romanorum
1131 852 1390 900 adventum
1422 853 1647 916 perdura-

154 933 224 979 vit
247 931 340 996 (3).

189 1015 425 1076 'Quibus,
468 1025 516 1064 ut
550 1017 819 1066 Graecorum
858 1020 1060 1080 negotiis
1097 1035 1148 1067 se
1176 1020 1522 1078 immiscerent,
1561 1021 1649 1083 ipsi

152 1099 308 1154 AEtoli,
335 1114 440 1147 cum
466 1100 679 1164 Philippo
699 1102 756 1161 V,
783 1102 1091 1150 Macedonum
1119 1118 1253 1164 rege,
1283 1103 1542 1162 bellantes,
1571 1119 1650 1152 oc-

151 1183 388 1230 casionem
411 1184 662 1231 dederunt.
682 1185 904 1248 Polybius
925 1193 1080 1233 autem
1100 1187 1275 1234 bellum
1295 1186 1384 1234 hoc
1408 1188 1645 1246 narravit3

154 1266 200 1312 in
223 1282 318 1328 quo
339 1275 385 1314 et
410 1267 626 1330 Opuntii,
651 1269 909 1316 AEtolorum
939 1270 1054 1317 socii
1079 1309 1088 1325 ‚
1119 1278 1476 1332 pugnaverunt,
1500 1279 1546 1318 et
1570 1286 1649 1319 eo·

155 1365 255 1396 rum
282 1365 394 1412 ager
414 1365 540 1414 saepe
566 1353 626 1399 ab
655 1353 791 1400 hoste
819 1353 1023 1400 violatus
1051 1360 1138 1400 est.
1166 1354 1279 1400 Nam
1299 1390 1312 1412 ,
1342 1369 1446 1401 cum
1472 1354 1648 1417 Philip-

153 1448 241 1495 pus
264 1448 290 1480 e
312 1433 549 1482 Thessalia
578 1436 623 1481 in
661 1435 892 1483 Euboeam
922 1437 1202 1494 transiisset,
1230 1437 1408 1500 Cynum
1439 1438 1550 1485 inde
1573 1453 1650 1500 pe-

157 1516 256 1573 tiit,
288 1518 460 1564 deinde
478 1555 489 1575 ,
519 1525 613 1566 tota
641 1519 837 1566 Locride
879 1521 1066 1580 traJecta
1086 1556 1096 1575 ‚
1124 1519 1395 1567 Corinthum
1425 1536 1476 1567 se
1503 1528 1651 1568 trans-

155 1600 257 1646 tulit
282 1599 373 1664 (4).
398 1601 510 1648 Tum
536 1610 695 1664 postea
715 1603 919 1651 Thronio
939 1604 1145 1649 minatur
1167 1604 1257 1664 (5).
1283 1604 1511 1651 Exhausti
1535 1619 1649 1653 vero

151 1684 289 1730 AEtoli
317 1685 504 1732 tandem
543 1686 802 1738 decernunt
840 1694 888 1732 ut
928 1687 987 1733 ab
1021 1687 1242 1734 Romanis
1273 1688 1502 1734 auxilium
1542 1704 1649 1750 pos-

151 1774 257 1813 cant
291 1766 382 1831 (6).
421 1768 548 1815 Tunc
582 1784 731 1830 usque
770 1770 829 1816 ad
869 1783 1044 1815 annum
1075 1768 1170 1816 205
1206 1770 1406 1816 trahitur
1438 1771 1610 1818 bellum
1632 1809 1644 1831 ,

154 1849 391 1912 vincitque
430 1851 680 1913 aliquoties
708 1852 950 1914 Philippus
969 1888 983 1915 ‚
1014 1853 1097 1899 sed
1137 1853 1536 1914 Pergamenorum
1565 1869 1648 1902 rex

153 1932 360 1990 Attalus,
392 1935 704 1982 Romanorum
742 1936 931 1998 socius,
963 1936 1186 1982 nonnulla
1224 1938 1326 1997 ejus
1358 1938 1529 1999 oppida
1563 1953 1646 1985 ex·

155 2026 346 2079 pugnat.
369 2018 507 2066 Anno
526 2026 682 2066 autem
708 2018 821 2075 205,
848 2020 970 2066 inter
992 2020 1256 2082 Philippum
1280 2028 1424 2082 atque
1448 2022 1643 2081 AEtolos,

95 2128 100 2133 ·
151 2099 508 2164 Philippumque
535 2117 588 2149 ac
610 2103 842 2150 Romanos
869 2102 917 2149 fit
945 2118 1054 2165 pax.
1084 2103 1195 2150 Cum
1227 2119 1340 2151 vero
1369 2105 1543 2151 bellum
1576 2121 1646 2152 re·

153 2183 466 2246 dintegratum
487 2193 629 2242 esset,
653 2186 889 2248 Sulpicius
917 2187 1080 2234 consul
1104 2187 1336 2234 adversus
1365 2189 1646 2236 Macedones

154 2267 365 2316 mittitur.
394 2270 465 2329 Is,
495 2270 747 2333 Opuntem,
777 2286 884 2332 quae
908 2271 1047 2318 etiam
1078 2278 1174 2317 tum
1204 2286 1350 2333 penes
1375 2271 1643 2335 Philippum

195 2428 239 2471 (l)
261 2429 416 2471 Ari-ian„
437 2431 471 2471 I,
493 2431 542 2465 10.

192 2487 238 2531 (2)
259 2488 424 2530 Pausam,
443 2490 490 2528 X,
514 2491 573 2531 20,
595 2492 627 2525 4.
1418 2541 1423 2546 ,

195 2546 240 2590 (3)
257 2547 306 2580 De
322 2548 464 2582 AEtolici
487 2551 630 2583 foederis
646 2551 898 2584 constitutione
912 2576 921 2592 ,
942 2562 976 2584 v.
996 2552 1170 2584 Humbert
1190 2555 1224 2585 et
1244 2552 1380 2594 Saglio,
1404 2553 1646 2586 Dictionnaire

64 2640 65 2644 ,
152 2606 209 2639 des
223 2608 408 2650 antiquius
422 2618 578 2651 qrecques
597 2615 626 2644 et
644 2611 829 2650 romaines‚
851 2620 879 2643 s.
903 2621 935 2644 ν.
954 2612 1135 2644 AEtoltcum
1154 2611 1273 2654 soedus.

191 2665 236 2707 (4)
257 2665 398 2711 Polyb„
419 2666 482 2708 IV,
504 2667 555 2707 67,
574 2668 606 2701 7.

196 2724 240 2766 (5)
259 2725 326 2766 Id„
346 2725 410 2763 IX,
429 2725 480 2765 41,
506 2726 555 2760 11.

195 2782 238 2826 (6)
260 2783 351 2822 Liv..
372 2784 508 2827 XXVI,
530 2786 582 2820 24.
