1916 3198
322 170 348 210 8
837 183 890 211 DE
920 182 1066 211 Locms
1095 181 1306 211 OPUNTIIS.

322 260 515 308 Troadis
541 261 848 308 infortunium
874 261 1093 323 pinxerat
1115 260 1158 325 (l
1170 261 1206 325 ).
1234 261 1484 323 Postquam
1512 267 1668 307 autem
1694 259 1817 321 AJax

323 358 349 391 e
387 344 524 406 Gyris
562 344 692 390 saxis
732 344 780 390 in
823 359 952 391 mare
991 345 1309 407 praecipitatus
1347 351 1451 403 est,
1496 351 1548 391 ut
1585 344 1817 391 Homerus

323 433 481 472 narrat
500 425 602 489 (2),
637 433 717 473 aut
744 442 891 489 prope
917 427 1157 489 Capharea
1185 428 1557 490 promontorium
1595 428 1817 476 fluctibus

324 509 411 555 suit
449 509 698 556 immersus
722 546 736 570 ,
787 518 837 557 ut
874 511 1037 573 cyclici
1079 511 1235 558 ferunt.
1276 512 1530 574 scriptores
1569 512 1816 573 Virgilius-

322 606 414 653 que
442 590 548 654 (3),
579 606 674 639 non
701 593 840 640 desiit
866 594 1034 641 Locros
1061 594 1286 641 Minervae
1315 595 1384 640 ira
1411 595 1670 658 lacessere,
1700 596 1814 654 sed,

322 681 373 721 ut
394 674 668 722 Cassandrae
691 676 899 724 lueretur
924 678 1112 738 injuria,
1139 678 1260 738 jussi
1287 685 1397 724 sunt
1421 677 1555 724 Ilium
1584 679 1704 725 duas
1727 679 1820 725 vir-

323 759 456 819 gines
500 760 754 820 quotannis
796 761 1010 818 mittere,
1055 776 1163 822 quae
1202 762 1304 808 deae
1345 762 1684 809 famularentur
1721 760 1814 824 (4).

321 842 489 890 Strabo
511 858 626 890 vero
646 844 712 889 ait
734 845 973 905 antiquam
1000 844 1120 891 hanc
1142 845 1555 904 consuetudinem,
1582 860 1677 907 quo
1700 851 1818 892 tem-

325 940 438 988 pore
460 925 613 973 Persae
654 927 701 972 in
739 926 849 973 Asia
876 927 1057 974 Minore
1094 929 1475 987 dominarentur,
1521 929 1661 975 etiam
1697 929 1818 976 exti-

325 1010 436 1056 tisse
461 1008 553 1072 (5).

389 1094 471 1140 Hae
503 1100 614 1140 sunt
643 1095 894 1157 praecipuae
922 1095 1110 1142 illorum
1137 1102 1400 1157 temporum
1430 1096 1618 1143 fabulae.
1651 1097 1700 1142 ln.
1728 1110 1822 1158 qua

321 1184 461 1225 aetate
489 1177 705 1239 plurimae
738 1179 798 1224 ab
832 1178 1049 1240 Opuntiis
1082 1178 1280 1226 coloniae
1314 1179 1532 1226 deductae
1566 1187 1693 1226 sunt.
1728 1180 1820 1227 Sed

323 1262 382 1308 de
409 1261 615 1322 antiquis
649 1261 740 1308 illis
779 1262 1138 1322 migrationibus
1172 1276 1320 1324 pauca
1347 1263 1586 1310 novimus.
1627 1262 1700 1310 Ab
1727 1263 1820 1310 ori-

323 1344 432 1404 gine
469 1351 625 1390 tamen
663 1344 881 1390 videmus
918 1345 1089 1391 Locros
1127 1345 1377 1392 bellicosos
1405 1346 1553 1392 fuisse
1587 1360 1641 1392 ac
1673 1346 1822 1394 domi·

324 1428 527 1474 nationis
558 1427 744 1474 avidos.
789 1428 902 1474 Nam
944 1428 991 1474 in
1030 1429 1232 1475 Herculis
1271 1430 1431 1487 Scuto,
1462 1430 1589 1491 quod
1616 1429 1822 1477 Hesiodo

327 1511 444 1558 falso
470 1511 711 1571 tribuitur,
739 1512 940 1572 legimus
968 1526 1068 1571 eos,
1099 1511 1443 1575 Amphitryone
1470 1513 1616 1571 duce,
1647 1513 1822 1560 bellum

325 1595 558 1642 adversus
599 1595 801 1657 Taphios
840 1604 984 1657 atque
1025 1595 1254 1643 Teleboas
1295 1596 1498 1656 gessisse
1535 1597 1615 1659 (6).
1658 1596 1823 1644 Postea

327 1693 465 1737 vero,
498 1694 557 1726 ex
586 1693 783 1726 numero
816 1680 1007 1726 navium
1031 1693 1149 1740 quas
1179 1679 1361 1739 Trojam
1391 1680 1646 1739 miserunt,
1677 1681 1822 1742 conji-

325 1776 433 1809 cere
464 1762 572 1808 licet
601 1769 830 1823 quantum
855 1762 998 1808 armis
1026 1769 1122 1808 tum
1152 1762 1408 1823 viguerint.

390 1845 481 1892 Sed
508 1845 703 1893 colonos
728 1846 928 1908 primum
952 1854 1255 1908 receperunt;
1281 1846 1454 1893 deinde
1477 1846 1591 1909 ipsi,
1622 1853 1672 1893 ut
1698 1847 1826 1895 vide·

330 1936 430 1986 tur,
461 1929 708 1976 miserunt.
744 1928 956 1977 Advenis
983 1929 1108 1976 enim
1137 1929 1419 1990 quibusdam
1459 1930 1626 1976 alludit
1655 1930 1824 1978 Pinda-

331 2026 434 2069 rus,
480 2012 590 2072 qui,
639 2018 866 2073 regnante
910 2012 1087 2074 Locro,
1131 2011 1365 2074 Opuntem
1405 2026 1606 2070 venere,
1650 2011 1821 2074 Argis,

329 2093 500 2142 Thebis
544 2095 762 2154 oriundi,
803 2103 885 2142 aut
923 2095 1075 2154 Pisae,
1118 2095 1164 2141 in
1205 2095 1349 2142 Elidis
1394 2094 1568 2157 oppido
1593 2131 1605 2154 ,
1653 2101 1734 2142 aut
1776 2095 1824 2143 in

330 2177 528 2225 Arcadia
566 2179 659 2226 nati
701 2196 711 2224 :
757 2179 878 2226 inter
917 2193 1036 2240 quos
1082 2186 1182 2226 erat
1226 2178 1511 2237 MenoetiuS,
1558 2194 1697 2241 quem
1742 2179 1823 2227 be-

372 2358 416 2401 (Ι)
440 2358 608 2399 Pansam,
629 2359 654 2399 Ι,
681 2359 731 2400 15,
749 2360 788 2397 2;
809 2359 854 2400 X,
871 2359 923 2397 26.
943 2359 973 2393 3.

375 2418 420 2459 (2)
439 2419 570 2460 odyss,
593 2417 653 2457 lV,
673 2419 733 2452 498
754 2429 825 2462 sqq.

376 2478 423 2519 (3)
441 2477 555 2520 Virg„
573 2481 661 2515 AEn..
684 2478 746 2520 Xl,
763 2479 837 2511 260.

375 2537 422 2578 (4)
441 2537 532 2570 l'lut.
550 2565 556 2575 ,
578 2539 623 2570 De
642 2548 717 2572 sera
733 2547 829 2572 num.
848 2539 959 2579 vind„
983 2538 1039 2575 12;
1062 2538 1190 2571 AElinn.
1211 2538 1353 2580 fragm..
1380 2537 1449 2574 177.
1466 2537 1521 2570 cd,
1546 2536 1667 2575 l)idot;
1691 2536 1825 2577 Iambl.,

333 2597 430 2638 vum.
451 2598 525 2636 rit,
548 2597 631 2631 Vlll
646 2624 653 2637 .
672 2598 722 2632 42.

373 2659 421 2698 (5)
439 2658 567 2694 strab..
592 2657 694 2695 xm.
715 2658 869 2691 ooo-002.

376 2719 419 2760 lli)
445 2717 600 2754 llo-stou..
621 2720 712 2750 Seue.
734 2718 896 2754 Herculis,
921 2718 971 2750 251.
