1956 3184
342 249 431 323 (HN
998 270 1256 302 PROOEMIUM.

371 350 491 395 sium
521 356 620 395 erat
639 349 886 410 oppidum,
916 355 1012 395 tum
1040 349 1474 410 Epicnemidiorum
1491 350 1622 411 regio
1647 367 1656 394 ε
1690 349 1752 396 ita
1767 349 1874 397 duae

372 432 589 478 Locrides
616 439 749 477 erant
775 432 920 478 altera
961 432 1020 478 ab
1069 432 1217 479 altera
1255 440 1485 494 separatae
1512 431 1604 495 (1).
1634 432 1693 478 At
1718 432 1870 494 Opus,

372 529 511 575 quam
532 513 748 576 Opuntiis
770 514 938 562 Strabo
974 515 1268 577 metropolim
1292 517 1500 576 assignat
1515 514 1605 579 (2),
1629 516 1689 562 ab
1706 515 1871 562 eodem

369 598 596 659 scriptore
626 597 718 643 aiio
766 597 866 644 loco
892 597 1230 659 Epicnemidiis
1288 599 1563 661 metropolis
1607 599 1746 645 datur
1781 596 1869 661 (3).

370 680 796 742 Epicnemidiorum
853 695 1042 742 quoque
1091 682 1261 728 urbem
1291 681 1475 744 *Plinius
1512 682 1873 744 Stephanusque

371 763 658 826 Byzantinus
683 777 783 809 eam
809 771 979 810 vocant
1006 763 1097 828 (4).

435 847 470 892 E
489 847 661 908 quibus
688 846 966 893 testimoniis
989 855 1133 909 atque
1154 863 1214 895 ex
1250 848 1354 895 aliis
1381 862 1487 910 quae
1511 848 1557 894 in
1577 848 1664 896 hac
1687 849 1871 912 discep-

371 932 544 977 tatione
565 929 735 991 passim
759 930 1073 991 proferentur,
1097 931 1335 992 conjicere
1363 932 1471 979 licet
1489 931 1800 994 Opuntiorum
1825 941 1873 980 et

368 1013 798 1076 Epicnemidiorum
828 1013 1019 1060 nomina
1048 1014 1176 1061 duas
1201 1000 1366 1075 gentes
1402 1015 1755 1076 designavisse‚
1785 1017 1869 1064 sed

370 1098 491 1144 inter
515 1112 567 1143 se
596 1097 697 1143 ilias
713 1105 878 1157 gentes
902 1105 1084 1144 mature
1110 1098 1262 1145 tuisse
1282 1099 1574 1159 conjunctas,
1599 1114 1868 1161 quanquam

370 1181 615 1242 utriusque
629 1181 728 1240 agri
752 1179 937 1226 finitimi
960 1195 1064 1227 esse
1083 1181 1345 1242 aliquando
1366 1182 1635 1242 desierunt3
1655 1183 1765 1231 inde
1788 1198 1870 1231 ve-

370 1273 519 1312 terum
544 1264 824 1325 scriptorum
851 1263 949 1310 loca
972 1264 1094 1310 inter
1118 1278 1169 1310 se
1195 1265 1357 1326 specie
1380 1265 1711 1327 discrepantia.
1737 1267 1868 1315 Locri

367 1356 522 1395 autem
552 1348 726 1394 circum
766 1346 997 1408 Opuntem
1036 1347 1310 1395 habitantes
1348 1347 1538 1410 Opuntii
1575 1349 1868 1411 potissimum

367 1438 501 1478 erant
529 1430 659 1487 dicti,
690 1436 772 1475 aut
799 1428 872 1475 his
903 1429 1058 1475 verbis
1085 1443 1212 1491 saepe
1239 1430 1404 1489 notati,
1431 1432 1580 1494 Λοκροὶ
1599 1433 1638 1477 οἱ
1664 1433 1730 1478 ἐπὶ
1757 1430 1868 1478 Ἀτα-

367 1516 498 1578 λάντῃ
523 1521 575 1575 τῇ
603 1516 735 1571 νήσῳ,
774 1511 1018 1558 Atalantes
1046 1512 1212 1559 insulae
1245 1513 1490 1570 memoria,
1517 1521 1680 1561 contra
1704 1515 1866 1563 urbem

366 1597 597 1658 Opuntem
621 1593 727 1641 sitae
751 1592 850 1657 (5);
881 1594 1012 1641 Locri
1039 1609 1154 1641 vero
1171 1595 1261 1641 sub
1293 1605 1454 1642 monte
1475 1595 1717 1655 Cnemide‚
1748 1597 1869 1645 ultra

367 1679 667 1741 Daphnunta‚
694 1678 843 1740 sparsi
871 1677 1180 1739 Epicnemidii
1203 1676 1279 1740 (6)
1306 1677 1386 1724 vel
1414 1678 1770 1741 Hypocnemidii
1794 1678 1868 1743 (7)

369 1763 557 1825 proprie
612 1760 907 1807 dicebantur.
961 1760 1134 1806 Verum
1196 1759 1414 1821 utrique,
1471 1763 1619 1824 Λοκροὶ
1655 1764 1752 1825 πρὸς
1786 1766 1866 1807 Εὕ-

369 1844 484 1890 Εοιαν
535 1843 611 1907 (8)
659 1843 831 1906 pariter
858 1842 1079 1905 appellati
1105 1878 1118 1901 ‚
1148 1850 1229 1889 aut
1260 1846 1380 1906 πέραν
1407 1842 1579 1897 Εὐὲοίας
1605 1843 1696 1907 (9),
1719 1846 1868 1908 Λοκροὶ

376 1924 506 1971 Ἠοῖοι
530 1924 665 1988 (to),
705 1933 754 1971 ut
790 1925 850 1972 ab
875 1924 1029 1972 Ozolis
1067 1924 1482 1983 discernerentur,
1520 1926 1692 1987 quibus
1719 1929 1867 1990 Λοκροὶ

409 2060 459 2102 (t)
474 2061 601 2100 Stroth..
627 2060 680 2092 ed.
698 2058 867 2100 Meineke,
889 2060 970 2093 coll.
991 2058 1166 2097 Teubner.
1190 2059 1254 2100 IX,
1276 2060 1434 2094 424-425.

409 2120 456 2162 (2)
478 2119 542 2159 td„
565 2118 627 2159 tx,
650 2119 724 2151 425.

413 2180 456 2221 (3)
475 2178 540 2219 1d.‚
561 2178 624 2218 tx,
647 2178 719 2211 416.

413 2241 455 2281 (4)
479 2239 583 2277 Ptin..
603 2238 691 2272 Hist.
711 2243 798 2277 nat„
822 2237 884 2274 lv.
910 2239 958 2278 12,
982 2239 999 2270 3
1014 2263 1022 2278 ,
1042 2238 1096 2271 ed.
1123 2239 1297 2277 Lemnii-m
1319 2238 1441 2282 Steph.
1463 2238 1609 2282 Byz.,s.
1626 2249 1662 2276 v.
1687 2241 1866 2280 Ὀπόιιςι

411 2301 454 2341 (δ’)
478 2300 640 2337 Faustin..
662 2298 716 2333 cd.
740 2298 925 2337 schahar-t,
943 2298 1022 2331 coll.
1045 2297 1220 2337 Teubner.
1242 2298 1287 2338 X,
1310 2299 1363 2341 20,
1385 2299 1418 2335 4.

408 2363 452 2402 (o)
475 2359 602 2395 strab..
626 2357 689 2398 IX,
708 2358 780 2390 425.

406 2420 453 2460 (7)
476 2418 516 2452 V.
538 2418 822 2460 initiquissiuiuui
838 2418 979 2450 titulum
997 2418 1087 2450 haud
1107 2419 1226 2460 procul
1244 2429 1264 2451 a
1283 2417 1451 2451 Galaoeidi
1474 2420 1668 2460 repertum,
1686 2417 1862 2460 Οἰκονομί-

366 2483 432 2519 zm.
460 2479 652 2512 Ἐποίκια
676 2480 847 2520 Λοκρῶν
875 2479 1117 2520 γράμματα,
1140 2487 1174 2519 p.
1196 2476 1249 2510 54.
1268 2476 1322 2511 Of.
1344 2477 1454 2519 Elwn.
1476 2478 1603 2519 laun„
1623 2486 1652 2510 8.
1671 2486 1705 2510 v.
1732 2474 1862 2510 Ἐπικ-

365 2552 408 2578 νη
423 2552 445 2580 μ.
456 2539 464 2570 ί
476 2540 493 2571 δ
505 2550 536 2571 ιο
547 2551 567 2571 ι.

404 2601 449 2641 (tt)
471 2599 599 2634 swan..
621 2596 683 2634 tx.
703 2596 773 2630 425.

403 2659 448 2698 (9)
474 2656 636 2696 immun..
663 2655 705 2696 Χ,
730 2655 759 2694 Β,
782 2656 811 2688 5.

404 2717 469 2758 (10)
494 2715 534 2748 V.
560 2718 700 2750 titutum
728 2725 831 2758 quom
853 2714 890 2748 Β.
918 2715 1062 2748 Curtius
1085 2714 1197 2747 edidit
1221 2715 1255 2747 tu
1277 2713 1477 2748 Donkmaler
1499 2714 1571 2747 und
1601 2712 1859 2755 Forschunqom

363 2778 456 2820 ¹855,
477 2787 511 2811 n.
534 2776 586 2815 75,
605 2787 639 2819 p.
658 2777 709 2810 ⁴0.
