1916 3198
438 290 490 330 84
954 301 1007 331 nn
1036 300 1183 331 Locms
1211 300 1421 331 optm'ms.

441 380 674 436 trionum,
704 379 860 426 forsan
892 386 939 426 et
967 386 1246 441 poetarum,
1277 380 1548 427 societatem
1581 379 1702 426 tituli
1730 379 1826 439 Jam
1857 391 1916 425 as-

439 463 690 523 signabant
705 461 796 525 (1).

505 547 614 592 Haec
639 561 724 592 nos
751 547 811 592 de
834 545 1144 607 Opuntiorum
1171 547 1218 592 in
1246 546 1423 593 litteras
1446 560 1501 592 ac
1526 546 1750 593 musicam
1776 545 1916 592 studi‹

440 630 622 690 antiqui
650 613 754 675 cum
779 629 1057 691 scriptores,
1085 636 1182 675 tum
1209 629 1331 675 tituli
1353 630 1540 676 docent.
1567 629 1694 684 Quos
1715 629 1916 676 videmus

441 713 619 759 nullum
671 727 782 759 vere
824 713 1077 759 litteratum
1127 713 1364 760 hominem
1407 727 1614 774 unquam
1661 712 1887 759 habuisse

441 811 646 857 namque
671 796 792 842 inter
819 796 1046 843 litteratos
1076 811 1168 843 non
1196 796 1477 842 numerandi
1505 803 1616 842 sunt
1642 795 1672 841 ii
1700 795 1800 856 qui,
1825 809 1916 856 pos

441 880 692 926 terioribus
719 879 954 940 praecipue
981 879 1270 941 temporibus
1288 915 1301 938 ,
1326 879 1587 927 versiculos
1611 879 1840 940 quosdam
1871 879 1915 925 fe

439 970 628 1020 cerunt,
667 962 789 1008 sicut
820 962 951 1009 Philo
986 963 1065 1008 ille
1099 963 1430 1024 Larymnaeus‚
1471 963 1606 1022 cujus
1644 961 1916 1024 epitaphiun

439 1045 499 1091 ad
528 1060 612 1092 nos
642 1046 857 1106 pervenit
879 1045 980 1107 (2);
1007 1046 1091 1092 sed
1120 1045 1354 1092 fervidum
1383 1060 1580 1108 poeseos
1606 1051 1867 1106 cantusque
1890 1059 1916 1092 e

438 1130 730 1175 scenicorum
768 1129 987 1175 ludorum
1026 1143 1234 1175 amorem
1273 1129 1399 1190 apud
1440 1129 1711 1175 universam
1746 1135 1916 1188 genten

440 1211 654 1258 extitisse
679 1212 994 1273 comperimus
1015 1247 1029 1271 ,
1063 1212 1102 1258 si
1128 1212 1320 1272 quidem
1351 1211 1634 1258 documenta
1651 1247 1664 1270 ,
1697 1225 1805 1273 quae
1826 1224 1916 1273 pau

439 1294 627 1340 cissima
653 1303 841 1341 servata
867 1301 1002 1351 sunt,
1029 1301 1155 1341 recte
1184 1294 1564 1356 interpretamur.

485 1465 530 1506 (1)
559 1464 609 1497 De
633 1464 851 1505 dionysiacis
876 1465 1090 1500 artificibus.
1117 1473 1152 1497 v.
1174 1462 1216 1497 Ο.
1236 1464 1390 1505 Liiders,
1411 1465 1472 1497 Die
1496 1464 1742 1506 Dionysischen
1760 1464 1916 1498 Kffnstler

443 1524 610 1565 Foucart‚
637 1525 683 1556 De
705 1524 855 1566 cotteyiis
880 1526 1093 1557 scenicorum
1112 1524 1285 1566 artificum
1311 1525 1406 1566 apud
1423 1523 1566 1564 Graecos,
1586 1524 1666 1559 Lut.
1684 1523 1812 1564 Paris„
1835 1523 1915 1559 1873

443 1583 821 1623 Hauvette-Besnault,
841 1584 931 1616 Bull.
947 1585 987 1617 de
1004 1593 1090 1617 corr.
1109 1584 1244 1625 hellen„
1261 1584 1321 1624 111,
1341 1595 1376 1627 p.
1392 1583 1452 1617 352
1469 1594 1559 1626 sqq.;
1575 1583 1830 1626 Haussoullier,
1845 1583 1916 1618 ibid

445 1643 507 1682 IV,
530 1654 564 1685 p.
584 1643 644 1675 335
665 1653 740 1685 sqq.

483 1704 529 1746 (2)
550 1702 593 1735 V.
614 1703 749 1743 Kaibel.
768 1704 1028 1745 Epigrammata
1046 1712 1155 1746 qraeca
1174 1712 1213 1736 ex
1232 1703 1410 1746 lapidibus
1425 1703 1587 1742 conlecta.
1608 1713 1643 1740 n.
1662 1704 1735 1738 493.
