1916 3198
288 270 338 310 76
797 280 850 308 ΒΕ
879 278 1025 309 Locms
1055 278 1269 308 opmwrns.

287 375 434 422 raque
482 360 529 406 in
581 359 704 406 ludis
757 358 952 406 felicitas
982 364 1099 405 >erat
1145 358 1340 404 famosa.
1387 354 1521 402 Unde
1570 353 1671 401 haec
1721 353 1785 400 de

287 444 474 506 Opunte
498 443 729 507 Pindarus
757 459 767 488 :

716 608 852 649 Θάλλει
871 610 1066 663 δ’ἀρεταῒς,
1090 607 1125 647 ἴ-
1170 605 1175 610 ’

770 695 830 719 σον
848 696 887 719 τε
907 679 1095 735 Κασταλία
1115 680 1196 734 παρ’
1227 678 1315 719 Ἀλ-

769 755 865 806 φειοῦ
884 768 923 791 τε
943 751 1076 807 ῥέεθρον
1101 767 1110 777 ·

721 823 796 863 ὅθεν
815 823 994 878 στεφάνων
1013 822 1123 862 ἄωτοι

719 893 847 934 κλυτὰν
870 896 1016 949 Λοκρῶν
1040 894 1224 949 ἐπαείρον-

772 982 804 1005 τι
826 964 947 1020 ματέρ’
968 964 1218 1020 ἀγλαόδενδρον
1238 963 1314 1018 (1).

353 1111 444 1158 Sed
486 1125 548 1157 ex
593 1110 812 1158 omnibus
852 1110 1112 1158 victoribus
1148 1109 1487 1171 Epharmostus
1533 1106 1786 1153 maximam

290 1194 416 1256 apud
454 1194 683 1256 Opuntios
724 1195 893 1240 famam
941 1192 1204 1240 obtinuisse
1245 1192 1464 1250 videtur3
1507 1190 1622 1236 libet
1661 1188 1785 1235 enim

290 1276 415 1324 illius
441 1277 711 1323 memoriam
739 1276 1103 1338 deprehendere
1130 1275 1175 1321 in
1207 1275 1340 1322 titulo
1367 1274 1571 1336 quodam
1603 1287 1630 1319 a
1657 1272 1792 1319 nobis

231 1412 234 1415 ,
290 1375 440 1423 prope
483 1362 680 1407 Martini
720 1366 943 1421 reperto;
980 1374 1119 1420 quem
1159 1373 1301 1421 supra
1332 1358 1568 1405 edidimus
1610 1342 1702 1419 (2)ss
1743 1355 1794 1401 In

289 1458 383 1505 quo
409 1443 773 1505 prarmastum
793 1443 1019 1506 olympici
1050 1443 1242 1490 victoris
1269 1456 1441 1490 nomen
1465 1441 1641 1488 referre
1661 1439 1795 1485 facile

291 1527 661 1586 conjecerimus,
701 1527 805 1574 sive
847 1526 1052 1588 lapicida
1078 1526 1280 1584 erravit,
1314 1540 1398 1572 seu
1435 1538 1631 1582 nomen,
1659 1520 1795 1568 annis

290 1609 586 1669 labentibus,
641 1617 922 1671 corruptum
973 1617 1044 1657 est
1085 1626 1094 1655 z
1137 1623 1331 1668 verum,
1390 1614 1440 1654 ut
1483 1606 1792 1669 posteriorum

294 1700 560 1755 temporum
594 1692 799 1740 artifices
827 1693 1046 1755 praeclari
1077 1707 1205 1754 saepe
1238 1691 1428 1739 artificis
1459 1705 1630 1738 nomen
1659 1704 1795 1736 usur-

295 1777 497 1839 pabant,
537 1777 673 1837 cujus
713 1790 858 1838 opera
898 1776 1050 1822 omnis
1085 1775 1263 1822 Graecia
1299 1775 1553 1821 mirabatur
1583 1771 1681 1836 (3),
1729 1772 1795 1818 ita

293 1859 396 1906 fieri
421 1860 578 1922 potuit
606 1867 656 1906 ut
681 1860 846 1906 iisdem
877 1859 1166 1920 temporibus
1190 1859 1379 1905 athletae
1405 1865 1619 1904 veterum
1645 1856 1794 1903 athle-

297 1950 447 1989 tarum
475 1943 663 1990 nomina
690 1942 780 1989 sibi
816 1942 1105 2000 tribuerent,
1135 1956 1335 2003 quorum
1365 1942 1485 1988 fama
1509 1941 1600 1986 late
1625 1940 1796 1987 diffusa

296 2032 447 2088 esset,
475 2033 617 2087 atquc
644 2039 726 2073 eos
750 2025 839 2072 sibi
878 2033 1103 2087 tanquam
1135 2031 1356 2087 patronos
1383 2023 1695 2070 vindicarent.
1738 2023 1797 2069 At

298 2108 372 2155 illa
417 2114 755 2172 φιλογυμναστῶν
801 2109 1001 2155 societas
1051 2108 1187 2155 nobis
1236 2107 1427 2154 minime
1472 2106 1657 2167 cognita
1704 2112 1792 2152 est.

298 2192 471 2239 Forsan
501 2191 742 2254 ephebicis
771 2191 917 2238 titulis
947 2192 1113 2238 titulus
1145 2191 1222 2238 illc
1249 2197 1320 2237 est
1345 2189 1656 2251 adjiciendus.

366 2275 430 2321 De
462 2274 772 2336 Opuntiorum
809 2275 1017 2322 moribus
1055 2275 1168 2321 nihil
1205 2288 1349 2336 prope
1385 2272 1512 2319 aliud
1554 2272 1791 2319 novimus,

299 2358 388 2414 Qui
417 2372 522 2404 cum
550 2356 743 2405 civitate
770 2358 891 2405 bone
917 2358 1168 2405 constituta
1197 2365 1243 2404 et
1272 2356 1584 2419 prudentibus
1613 2356 1797 2416 legibus

300 2449 347 2489 ct
379 2442 554 2488 virtute
581 2448 628 2488 et
654 2441 858 2489 robustis
887 2442 1108 2488 membris
1136 2442 1429 2500 fruerentur,
1457 2439 1578 2487 inter
1610 2447 1792 2487 ceteros

344 2611 389 2654 (l)
411 2610 529 2651 pind..
555 2611 623 2651 ol..
646 2611 709 2652 1x,
731 2611 849 2646 27-33.

350 2669 397 2711 (2)
419 2669 462 2703 V.
481 2680 517 2713 p.
534 2669 586 2705 37.

343 2729 389 2770 (3)
410 2727 453 2763 V.
474 2729 518 2763 G.
538 2729 758 2767 lllrschreld.
785 2729 889 2763 Tituli
912 2730 1160 2763 tecticariorum
1184 2728 1454 2771 sculptorumque
1479 2736 1661 2771 armorum
1675 2750 1684 2767 ,
1706 2738 1739 2770 p.
1761 2727 1800 2760 45

309 2797 386 2830 sqq.
