1916 3198
249 204 302 234 DE
331 202 606 234 OPUNTIORUM
635 202 856 241 elvmwrss,
887 201 1064 232 LEGIBUS
1089 201 1228 237 ATQUE
1256 201 1453 232 uomens.
1551 190 1601 230 65

109 288 245 344 goat,
280 283 436 331 Locris
462 282 744 342 jamdudum
772 281 927 328 foedus
965 281 1356 339 informantibuS,
1399 280 1604 343 scriptus

32 395 39 418 μ
109 365 261 413 fuerat
275 401 288 424 ,
314 365 518 414 civitatis
543 365 710 412 ducem
733 364 1006 412 archontem
1035 365 1329 422 invenimus,
1358 366 1493 425 cujus
1519 379 1600 413 no-

33 502 36 506 *
111 449 236 496 mine
259 449 445 511 publica
470 449 658 496 decreta
687 455 927 496 notantur.
951 449 1084 507 Tum,
1113 455 1285 510 praeter
1309 448 1452 508 hunc,
1475 468 1604 512 γραμ·

29 536 34 595 s
109 534 266 596 ματέως
304 546 359 579 ac
395 533 546 595 ταμίου
582 530 634 578 fit
684 532 876 579 mentio.
920 532 1067 593 Leges
1108 545 1223 578 vero
1260 531 1439 578 faciunt
1475 535 1605 589 βουλή

108 615 324 677 quaedam
346 621 393 662 et
415 615 574 663 contio
601 615 841 677 popularis
865 613 957 678 (l).
984 614 1229 662 Proxeniae
1252 621 1411 660 autem
1440 614 1604 661 decre-

109 705 207 746 tum
230 699 290 745 ab
314 697 530 761 Opuntiis
555 699 788 745 sancitum
812 698 1085 746 archontem
1114 698 1291 760 pariter
1312 703 1455 759 atque
1477 716 1606 760 γραμ-

30 765 50 846 'J
110 784 242 845 ματέα
266 780 327 845 (si
351 781 543 844 quidem
566 782 673 842 jure
700 781 983 829 vocabulum
1009 781 1289 845 ἐγραμμάτευε
1313 780 1486 827 Boeckh
1509 794 1606 829 res-

108 864 256 928 tituit)
282 871 508 912 memorat
531 863 622 928 (2).
651 863 929 926 Antiquam,
959 870 1011 910 ut
1034 870 1257 926 apparet,
1280 878 1451 911 nomen
1481 866 1606 926 ἀρχάς

109 948 372 996 obsoletum
400 954 471 995 est
497 954 543 995 et
570 948 616 994 in
644 949 746 1008 ejus
773 948 926 996 locum
953 947 1236 995 vocabulum
1264 946 1428 1010 ἅρχων,
1457 961 1482 993 a
1509 947 1604 1009 ple-

110 1031 268 1094 risque
314 1031 508 1078 Graeciae
554 1031 824 1078 civitatibus
870 1038 1142 1093 usurpatum
1162 1067 1173 1087 ‚
1221 1031 1465 1078 successit.
1514 1031 1603 1078 Ve-

36 1116 53 1176 ’ξ
110 1128 213 1161 rum
243 1113 358 1160 nihil
403 1128 488 1162 nos
523 1113 747 1162 admonet
782 1128 1018 1160 summum
1063 1113 1317 1175 quemdam
1355 1113 1603 1174 magistra-

37 1203 44 1229 .-
112 1202 208 1244 tum
237 1197 462 1244 universo
487 1196 654 1244 foederi
679 1196 951 1258 praefuisse,
986 1196 1108 1242 sicut
1139 1210 1241 1243 mos
1268 1196 1394 1258 apud
1415 1196 1603 1244 Boeotos

111 1286 212 1327 erat
229 1278 322 1342 (3).

46 1358 51 1371 ⁵
176 1363 347 1411 Locros
376 1370 560 1422 autem,
590 1363 816 1424 quamdiu
842 1366 974 1409 κοινόν
1002 1363 1317 1421 constituunt,
1348 1370 1475 1410 arcte
1497 1378 1603 1411 cum

42 1441 60 1502 ζ
111 1446 275 1494 AEtolis
301 1447 576 1507 conjunctos
603 1447 838 1494 videmus.
881 1447 1139 1494 AEtolorum
1178 1447 1302 1494 enim
1341 1447 1455 1494 socii
1494 1454 1605 1493 sunt

47 1520 62 1585 J
113 1530 385 1593 priusquam
413 1530 607 1578 Romani
636 1530 682 1577 in
705 1530 932 1578 Graeciam
962 1530 1178 1586 veniant3
1211 1530 1373 1578 AEtolis
1402 1530 1607 1577 reddun-

116 1619 213 1671 tur,
242 1620 491 1676 postquam
529 1614 816 1660 Flamininus
847 1614 1112 1661 libertatem
1139 1614 1314 1661 Graecis
1343 1614 1604 1661 denuncia-

113 1696 182 1745 vit
215 1695 307 1760 (4).
346 1696 461 1752 Quae
494 1712 599 1744 cum
636 1698 797 1745 AEtolis
832 1698 1035 1744 amicitia
1076 1698 1216 1744 etiam
1252 1697 1397 1744 titulis
1430 1696 1604 1745 confir-

115 1786 284 1828 matur.
313 1780 363 1827 In
391 1781 527 1829 titulo
553 1781 678 1828 enim
720 1795 865 1844 prope
903 1781 1159 1829 Thronium
1198 1781 1424 1840 invent0‚
1462 1795 1602 1843 quem

39 1862 78 1919 *ἦ
114 1877 254 1926 supra
277 1864 522 1912 retulimus
545 1864 606 1928 (5)
632 1864 818 1928 (nempe
839 1866 896 1923 is,
924 1880 985 1913 ex
1008 1865 1266 1912 litterarum
1290 1866 1437 1912 forma
1455 1902 1466 1923 ,
1495 1872 1605 1911 ante

114 1946 337 1995 Graeciam
377 1948 424 1994 in
470 1949 760 2010 provinciam
812 1949 1046 1996 redactam
1093 1950 1295 2011 scriptus
1341 1950 1485 1996 fuisse
1529 1949 1604 1995 vi-

116 2029 303 2092 detur),
336 2032 611 2094 proxeniam
646 2033 802 2079 datam
838 2047 942 2080 esse
973 2033 1198 2080 discimus
1232 2033 1383 2080 AEtolo
1417 2033 1604 2080 cuidam

110 2111 305 2186 3Phytaeo
331 2115 560 2174 oriundo,
591 2130 698 2177 quae
724 2116 890 2163 civitas
917 2123 1017 2163 erat
1050 2117 1163 2164 satis
1190 2116 1436 2177 ignobilis,
1466 2132 1492 2163 a
1518 2117 1605 2164 Po-

47 2187 82 2260 ιζ
115 2195 243 2258 lybio
271 2204 423 2246 tamen
451 2199 782 2261 stephanoque
804 2199 1060 2262 Byzantino
1089 2207 1344 2248 memorata
1366 2199 1460 2263 (6).
1488 2201 1604 2247 Tum

71 2382 80 2387 ⁴·
160 2367 204 2412 (ί)
225 2370 261 2404 G.
282 2371 308 2403 1.
332 2370 381 2408 G..
406 2370 495 2404 1751.

157 2427 204 2470 (2)
222 2430 258 2463 G.
279 2430 305 2464 1.
327 2430 380 2469 G..
409 2429 498 2464 1752.

68 2482 79 2503 ³
156 2487 203 2531 (3)
214 2487 267 2524 Cf.
284 2492 457 2525 boeoticos
476 2491 599 2525 titulos
616 2500 766 2533 quorum
783 2491 926 2524 initium
943 2493 1009 2525 hoc
1029 2497 1082 2526 est
1106 2506 1111 2524 :
1133 2498 1190 2527 τοῦ
1204 2494 1310 2532 δεῖνος
1327 2495 1485 2538 ἄρχοντος
1504 2497 1605 2528 Βοιω-
1637 2526 1639 2529 ,

77 2566 85 2594 ,ς
116 2551 196 2589 ἑοῖς,
217 2551 270 2584 ἐπὶ
287 2551 398 2589 πόλιος
422 2552 457 2585 δὲ
482 2556 541 2585 τοῦ
567 2553 684 2590 δεῖνος.
709 2551 842 2585 Forsan
867 2552 959 2594 apud
988 2552 1120 2586 Locros
1148 2563 1336 2595 supremus
1363 2554 1507 2587 foederis
1534 2555 1607 2586 dux

117 2606 268 2651 opuntis
285 2611 417 2644 archon
433 2615 520 2644 erat.

157 2667 206 2710 (4)
222 2667 268 2703 V.
288 2679 406 2712 supra,
424 2681 458 2713 p.
478 2671 531 2704 28.

160 2726 206 2770 (5)
221 2727 264 2762 V.
283 2739 400 2772 supra,
419 2741 454 2773 p.
472 2730 527 2764 48.

156 2784 204 2829 (6)
221 2786 359 2831 Polyb..
380 2787 424 2830 V,
438 2789 1059 2833 7,7;Steph.Byz.‚s.v.‹1›utoet
1073 2804 1128 2826 ον,
