1916 3198
404 242 453 282 66
923 254 976 282 DE
1005 252 1150 283 Locms
1179 252 1388 283 opuwrns.

402 339 589 395 postea,
619 333 708 379 sub
733 332 1050 379 Romanorum
1078 332 1423 390 dominatione,
1460 331 1589 378 aliud
1627 331 1895 391 decretum,

401 416 461 462 ab
487 415 704 477 Opuntiis
727 415 898 461 factum
916 451 928 473 ,
955 414 1218 477 Antiphilo‚
1242 414 1616 478 Thrasymedeos
1640 413 1761 473 filio,
1792 429 1897 476 pro-

401 499 590 546 xeniam
620 499 793 560 pariter
821 498 982 544 tribuit
1012 497 1103 562 (l).

466 581 743 628 Societatem
769 595 959 642 quoque
985 581 1191 641 aliquam
1223 581 1344 628 inter
1372 582 1543 628 Locros
1570 595 1625 628 ac
1649 581 1898 629 Thessalos

402 666 449 711 in
479 665 615 712 titulo
640 664 755 711 satis
787 670 1008 726 corrupto
1042 664 1472 726 deprehendimus,
1503 679 1643 726 quem
1676 665 1736 712 ad
1769 654 1896 712 illam

401 754 587 795 aetatem
612 754 660 795 et
682 748 835 810 ipsum
859 747 1095 810 pertinere
1119 747 1386 810 opinamur,
1411 731 1505 810 qua
1527 748 1730 795 liberum
1753 748 1895 795 etiam

399 831 651 879 Locrorum
680 831 835 878 foedus
862 837 963 878 erat
989 830 1080 895 (2).
1114 831 1165 876 In
1193 845 1287 892 quo
1306 867 1318 888 ,
1349 837 1400 877 ut
1425 831 1644 891 videtur,
1673 831 1734 878 de
1761 838 1897 894 pacto

399 914 521 962 inter
540 915 658 961 duas
677 920 841 975 gentes
862 914 954 962 icto
974 914 1150 962 mentio
1172 913 1247 973 fit,
1273 914 1359 962 sed
1384 920 1600 962 naturam
1623 914 1750 962 illius
1772 914 1896 977 pacti

398 998 651 1046 nescimus.
683 998 900 1059 Legimus
925 1004 1102 1057 autem,
1134 1012 1262 1046 vers.
1295 996 1417 1044 4:25
1440 1000 1575 1044 κοινὸν
1604 993 1894 1063 Λοκ[ρῶν...],

397 1095 492 1142 quo
519 1081 869 1129 demonstratur
906 1081 1059 1128 foedus
1087 1080 1167 1128 illo
1197 1081 1337 1128 etiam
1368 1088 1578 1143 tempore
1604 1082 1695 1128 hoc
1722 1095 1895 1129 nomen

399 1165 665 1213 retinuisse.
708 1165 880 1212 Forsan
911 1165 1058 1212 verbo
1084 1172 1247 1228 Λοκρῶν
1282 1171 1383 1211 erat
1415 1172 1495 1211 τῶν
1538 1163 1679 1211 Ἠοίων
1706 1165 1897 1228 apposi-

399 1255 521 1308 tum,
554 1263 717 1296 verum
746 1248 834 1296 hoc
862 1249 964 1296 loco
997 1263 1201 1296 marmor
1226 1247 1401 1295 deficit.

461 1333 734 1391 Postremo,
763 1332 996 1379 boeoticus
1029 1332 1222 1394 quidam
1250 1332 1441 1390 titulus,
1483 1346 1623 1393 quem
1655 1332 1759 1380 Keil
1793 1333 1916 1387 edi·-

399 1416 468 1462 dit
488 1415 581 1479 (3),
611 1416 712 1463 haec
732 1417 968 1464 continet:
993 1419 1042 1462 τὸ
1069 1423 1150 1462 τῶν
1177 1414 1354 1478 Ἀχαιῶν
1370 1418 1441 1461 καὶ
1454 1423 1618 1479 Λοκρῶν
1640 1418 1711 1462 καὶ
1727 1419 1894 1463 Φωκέων

396 1503 466 1545 καὶ
490 1503 672 1558 Εὐβοέων
700 1502 852 1546 κοινόν.
884 1499 1018 1547 Unde
1044 1500 1268 1547 videntur
1290 1498 1471 1560 Achaei,
1499 1500 1657 1560 Locri,
1685 1499 1894 1548 Phocen-

396 1598 473 1631 ses
505 1591 648 1646 atque
684 1584 973 1631 Euboeenses
1007 1584 1129 1630 inter
1165 1598 1216 1630 se
1256 1583 1513 1631 consociati
1546 1584 1714 1643 suisse3
1744 1598 1894 1646 quan-

396 1682 538 1729 quam
584 1668 856 1729 ignoramus
903 1674 1058 1714 utrum
1100 1667 1330 1730 Opuntios
1381 1681 1441 1713 an
1486 1666 1653 1714 Ozolas
1694 1667 1893 1715 verbum

395 1759 559 1815 Λοκρῶν
583 1751 822 1813 designet,
853 1752 913 1798 ad
940 1759 1164 1814 utrosque
1187 1752 1344 1799 forsan
1367 1758 1438 1798 est
1455 1751 1774 1798 referendum.
1801 1749 1916 1798 Sed2

395 1835 471 1883 hic
500 1835 661 1882 titulus
689 1836 837 1882 multo
863 1836 1094 1898 posterior
1121 1841 1192 1882 est
1215 1849 1356 1897 quam
1386 1834 1451 1880 illi
1479 1849 1598 1896 quos
1625 1848 1767 1896 supra
1791 1848 1912 1885 me-.

395 1919 684 1967 moravimus
715 1936 726 1966 z
762 1933 965 1981 namque
1006 1919 1066 1966 Μ.
1103 1918 1283 1966 Aurelii
1317 1918 1608 1981 temporibus
1644 1918 1890 1980 assignan-

394 2002 484 2050 dus
506 2017 612 2051 esse
634 2002 826 2050 videtur
851 2001 943 2066 (4).

435 2173 482 2216 (l)
503 2172 734 2213 Ἀθήναιον,
759 2173 785 2213 1,
806 2183 837 2215 p.
860 2173 933 2206 485.

437 2233 480 2274 (2)
507 2232 610 2271 Ibid„
638 2233 663 2272 l,
683 2243 715 2274 p.
740 2232 810 2265 489.

433 2293 481 2334 (3)
496 2292 581 2334 Syll.
604 2292 710 2325 inser.
731 2293 878 2330 benetie„
900 2303 936 2325 n.
957 2292 1008 2324 31.
1907 2316 1916 2338 4

436 2353 480 2394 (l)
503 2351 545 2385 V.
570 2352 660 2389 Keil.
683 2363 736 2395 op.
759 2354 832 2393 cie„
856 2362 890 2384 n.
912 2351 962 2384 ³1.
983 2350 1036 2384 Cf.
1058 2353 1092 2385 C.
1117 2352 1143 2384 1.
1167 2353 1220 2391 G..
1248 2352 1338 2385 16‘25.
1361 2370 1400 2375 -
1423 2350 1487 2383 His
1508 2350 1721 2391 foederibus,
1744 2347 1916 2392 quorum?¹

393 2414 562 2455 pleraque
580 2412 746 2455 Opuntiis
767 2416 867 2446 crant
887 2413 1056 2450 finitima.
1089 2421 1237 2454 quicque
1267 2420 1349 2444 cum
1382 2411 1426 2443 iis
1453 2410 1538 2443 satis
1568 2411 1759 2452 conjunctu
1785 2409 1893 2443 tuisse

392 2472 581 2510 videntur,
601 2477 635 2505 ct
655 2472 751 2505 aliud
775 2473 891 2505 forsan
912 2472 1150 2514 adjicit-,ndum
1171 2474 1242 2511 est,
1263 2470 1468 2505 OEtaeoruni
1491 2469 1628 2502 scilicet
1648 2468 1781 2506 soedus.
1801 2466 1904 2514 quod

390 2542 471 2566 cuni
489 2532 609 2565 Ozolis
627 2558 633 2569 .
667 2533 783 2565 forsan
805 2534 909 2565 etinin
935 2542 1017 2565 cunt
1037 2531 1202 2573 Opuntiis
1222 2530 1429 2564 societatem
1448 2530 1587 2571 babuit,
1620 2531 1658 2562 ut
1680 2530 1826 2571 apparet
1846 2534 1890 2561 ex
1905 2539 1916 2550 ··

389 2593 492 2624 titulo
510 2592 759 2625 recentissime
779 2603 798 2624 u
819 2591 1023 2625 llcnndouin
1044 2591 1086 2624 ad
1107 2590 1286 2632 antiquum
1306 2589 1509 2631 Drymoenni
1527 2590 1666 2631 reperto
1682 2602 1688 2626 ;
1707 2596 1776 2629 quo
1795 2586 1901 2621 cives,

387 2651 530 2693 quidum
555 2652 713 2684 citantur
733 2662 753 2685 c
781 2651 888 2684 variis
907 2652 1095 2684 Ozoluruin
1123 2651 1269 2683 urbibus
1292 2649 1438 2683 oriundi
1457 2674 1465 2690 ,
1491 2648 1633 2691 quidam
1662 2648 1767 2681 etiam
1793 2644 1898 2679 Hali·v

387 2711 623 2753 Opuntiorum
656 2712 740 2744 nati.
779 2710 821 2743 V.
846 2711 932 2744 null.
955 2711 996 2744 dc
1016 2720 1103 2745 corr.
1138 2710 1282 2750 holtem,
1312 2709 1338 2743 V
1355 2735 1363 2750 ,
1397 2720 1429 2751 ι).
1460 2708 1517 2743 137
1546 2718 1645 2750 sqq.;
1671 2717 1703 2741 v.
1726 2705 1888 2744 namon,

387 2780 418 2812 p.
446 2771 522 2807 ΗΟ,
544 2781 636 2804 vers.
663 2771 714 2803 tt).
