1916 3198
255 265 307 294 DE
336 262 611 294 opun'rmnum
639 263 858 301 οινιΤΑΤΕ,
891 262 1069 293 Lamnus
1097 264 1236 298 A‘rQun
1266 263 1465 293 moninus.
1558 251 1604 291 71

62 354 65 358 ·
120 342 350 402 heredes,
387 356 478 390 non
507 341 760 403 negligitur
794 341 832 388 is
855 342 935 403 qui
966 348 1045 388 aut
1071 342 1314 404 proximus
1338 342 1474 389 adest
1498 356 1607 404 pro-

119 425 323 488 pinquus
345 426 584 486 regionem
609 425 828 472 habitans
852 425 1135 487 quamlibet,
1164 431 1246 472 aut
1271 426 1414 472 trater
1441 425 1488 471 in
1515 426 1607 488 Hy-

118 508 425 571 pocnemidiis
451 508 668 567 relictus;
697 508 782 555 sed
812 508 903 556 illis
931 509 1053 555 intra
1079 516 1174 555 tres
1208 523 1394 556 menses
1433 509 1606 571 repeti-

117 592 199 650 tio,
229 591 302 638 his
322 606 426 638 cum
452 592 722 654 Naupactiis
749 591 972 640 fratribus
997 592 1292 654 participatio
1320 593 1603 654 imponitur3

115 676 243 724 omni
271 675 412 723 modo
437 675 638 722 heredes
665 675 896 723 coloniam
924 676 1184 723 incolentes
1212 676 1544 738 praeseruntur.

178 759 240 806 At
265 759 344 807 lex
370 773 464 808 non
492 766 625 807 curat
652 767 831 807 tantum
860 760 1132 808 colonorum
1161 774 1310 818 sacra,
1335 761 1603 821 vectigalia,

114 842 458 906 possessionem
477 879 488 901 ‚
519 843 839 902 hereditates3
870 857 1035 890 verum
1063 850 1109 889 et
1135 843 1355 904 providet
1390 857 1449 890 ne
1476 844 1605 891 colo-

112 925 235 973 niam
273 925 493 973 deserant
521 926 693 973 coloni.
733 925 887 987 Atque
925 926 1014 973 boc
1049 926 1176 987 quod
1222 927 1511 988 praescribit‚
1557 934 1608 973 ut

111 1013 352 1072 paternam
403 1008 711 1056 hereditatem
766 1009 973 1056 adeundi
1023 1010 1102 1070 jus
1152 1009 1324 1056 habeat
1366 1010 1602 1070 colonus,

110 1091 292 1140 etiamsi
320 1099 453 1154 pater
478 1093 605 1155 apud
630 1093 1027 1156 Hypocnemidios
1060 1093 1343 1150 decesserit,
1381 1094 1472 1141 huc
1501 1102 1576 1141 ten
1593 1123 1608 1132 -

109 1175 207 1233 dit,
237 1182 289 1222 ut
311 1176 536 1238 Naupacti
565 1177 674 1224 novi
711 1176 876 1224 incolae
910 1177 1219 1232 retineantur,
1250 1191 1356 1223 cum
1384 1177 1487 1224 sine
1522 1178 1604 1224 de-

52 1263 54 1265 ’
108 1259 310 1307 sectione
350 1260 559 1307 fortunas
592 1275 766 1321 augere
804 1259 1003 1322 possint.
1039 1260 1129 1307 Sed
1165 1260 1311 1309 alium
1350 1261 1603 1322 quemdam

107 1343 342 1390 retinendi
370 1343 561 1391 modum
592 1344 669 1391 lex
697 1344 895 1391 invenit.
930 1343 1106 1405 Nempe
1128 1344 1167 1390 si
1194 1344 1389 1393 colonus
1416 1345 1475 1391 ad
1506 1345 1602 1407 Hy-

28 1468 50 1493 ..
107 1426 430 1488 pocnemidios
468 1427 623 1474 redire
651 1427 777 1483 vult,
815 1440 1010 1473 necesse
1036 1433 1107 1472 est
1133 1426 1370 1473 discessus
1403 1427 1449 1472 in
1473 1427 1600 1473 Nau-

28 1510 47 1579 ί
106 1510 228 1571 pacti
255 1510 356 1557 toro
379 1510 439 1556 sit
461 1510 791 1568 denunciatus,
814 1510 1126 1556 denunciatus
1148 1525 1338 1572 quoque
1361 1511 1487 1572 apud
1514 1511 1603 1574 Hy-

18 1577 54 1676 ,ξ
105 1593 445 1655 pocnemidios,
459 1594 506 1639 in
528 1593 643 1640 urbe
661 1593 787 1639 unde
805 1593 1034 1640 oriundus
1052 1601 1123 1640 est
1141 1594 1179 1640 is
1195 1594 1275 1655 qui
1291 1594 1492 1641 discedit
1506 1594 1598 1658 (l).

30 1676 47 1774 ἱ,
103 1676 230 1723 Tunc
255 1682 440 1737 oportet
466 1690 573 1722 eum
601 1676 705 1723 sive
732 1675 878 1722 filium
900 1676 1113 1722 adultum
1139 1677 1242 1723 sive
1267 1677 1456 1724 fratrem
1474 1678 1599 1724 Nau-

39 936 66 968 m,-
32 875 57 936 ,5:33⁴
32 706 54 879 ῊἿ-ἀξδόὶ
36 480 62 697 πθὲὴρεῑῆηιμ
46 458 59 471 ;
54 443 55 447 Α
48 380 57 429 xm<
50 327 51 330 „
30 296 32 298 ⁴
61 271 64 275 ‚

32 1004 57 1160 mne-r:

103 1759 223 1822 pacti
252 1759 535 1821 relinquere.
568 1760 648 1806 His
686 1767 864 1806 tantum
902 1760 1260 1807 condicionibus
1296 1762 1490 1822 patriam
1522 1777 1599 1809 re-

43 1831 45 1836 ¹
103 1842 258 1890 visere
275 1849 445 1905 potest,
464 1849 605 1904 atque
623 1844 831 1906 ἐνετηρίων
847 1842 976 1905 (quae
990 1844 1102 1905 quid
1121 1843 1404 1904 significent,
1428 1860 1593 1907 parum

16 1929 48 1994 f}
102 1923 269 1988 liquet)
286 1939 390 1972 esse
414 1926 679 1974 incolumis.
703 1927 972 1988 Nunquam,
997 1927 1086 1974 nisi
1111 1927 1371 1989 imperanto
1392 1930 1595 1990 quadam

15 1993 46 2080 ᾖ
99 2009 409 2066 necessitate,
440 2009 506 2055 illi
533 2010 808 2056 conceditur
843 2017 892 2056 ut
925 2025 1030 2056 cum
1066 2018 1162 2058 tota
1199 2012 1372 2058 familia
1407 2013 1466 2058 ad
1504 2014 1597 2076 Hy-

15 2083 57 2131 ’3
85 2092 423 2154 pocuemidios
448 2099 657 2139 revertat
683 2091 777 2156 (2).

13 2125 86 2271 ξ
161 2173 241 2220 Cui
274 2174 394 2234 legi,
424 2189 530 2221 cum
557 2176 854 2237 promulgata
882 2177 995 2235 suit,
1025 2179 1181 2224 cuncti
1209 2180 1490 2239 juraverunt
1516 2195 1594 2228 co-

30 2262 67 2315 ξέ
98 2257 193 2303 loni
223 2271 276 2304 se
301 2258 708 2320 obtemperaturos
736 2273 872 2318 esse3
907 2267 1035 2318 tum,
1070 2269 1173 2323 post
1198 2263 1387 2323 triginta
1416 2278 1592 2320 annos,

20 2339 44 2358 “
96 2350 281 2387 centum
309 2340 620 2402 Opuntiorum
648 2349 933 2404 centumque
955 2344 1317 2406 Naupactiorum
1345 2347 1594 2393 consilium

91 2423 401 2483 jurejurando
438 2424 657 2472 colonum
686 2425 873 2472 solvere
897 2433 1076 2488 potest,
1104 2435 1246 2489 atque
1278 2429 1591 2492 Hypocnemi-

87 2505 185 2552 diis
213 2506 412 2554 reddere
437 2505 531 2569 (3).
558 2508 648 2555 Sed
675 2509 787 2555 dum
810 2511 1141 2570 jusjurandum
1165 2518 1274 2571 stat,
1299 2513 1338 2559 si
1366 2514 1471 2574 quis
1495 2514 1596 2561 vio-

133 2656 181 2700 (l)
201 2656 305 2691 Vers.
329 2658 453 2693 19-22.

133 2716 177 2759 (2)
198 2715 301 2751 Vers.
322 2717 412 2752 6-10.

136 2774 184 2818 (3)
203 2773 306 2811 Vers.
325 2775 434 2812 12-14.
