1916 3198
612 259 666 288 DE
693 258 826 288 nunus
854 257 1142 289 opun'rrontm.
1578 245 1630 287 25

136 338 351 397 excitati3
376 337 483 395 sed,
510 337 622 399 quia
657 337 888 400 principio
916 339 1077 400 procul
1104 339 1165 386 ab
1189 339 1390 402 opuntio
1417 353 1530 402 agro
1552 354 1628 387 res

135 421 378 482 agebatur,
407 421 730 483 quiescebant.
762 421 872 469 Mox
900 422 946 468 in
983 436 1065 469 eos
1093 422 1360 470 Phocenses
1395 423 1623 486 irrupere.

135 502 248 550 Nam
263 518 368 551 cum
389 504 433 550 in
455 519 608 566 pugna
628 519 772 567 prope
786 505 995 552 Neonem
1019 506 1182 553 urbem
1202 512 1363 554 contra
1381 506 1628 554 Thebanos

134 587 381 634 commissa
407 587 590 635 occisus
614 595 741 635 esset
774 588 1091 647 PhilomeluS,
1118 591 1221 650 ejus
1255 590 1302 636 in
1337 590 1492 638 locum
1527 591 1627 638 dux

132 669 452 718 Onomarchus
478 672 626 718 factus
647 678 736 719 est.
764 672 853 728 Qui
881 672 1247 736 Amphissenses
1274 674 1431 720 statim
1457 687 1627 735 aggre-

133 753 276 812 ditur,
289 754 462 802 deinde
478 755 642 809 Dores,
659 756 1141 819 postEpicnemidios‚
1154 757 1454 819 Tlironioque
1468 764 1624 820 capto,

131 835 260 884 cives
285 837 332 883 in
359 838 636 886 servitutem
664 839 835 900 redigit
853 837 945 903 (l).
975 839 1071 886 Sub
1100 840 1223 887 idem
1249 847 1407 887 autem
1435 846 1627 902 tempus

131 920 363 981 conjicere
401 920 509 968 licet
551 922 680 968 illum
724 922 909 984 Alpono
950 937 1004 969 ac
1051 923 1206 970 Nicaea
1250 924 1448 985 potitum
1489 938 1623 982 esse,

131 1016 334 1066 namque
357 1019 442 1052 nos
465 1005 686 1053 admonet
708 1005 952 1053 AEschines
980 1006 1064 1053 has
1092 1007 1251 1064 urbes,
1281 1007 1474 1068 quibus,
1501 1006 1628 1053 sicut

131 1095 178 1134 et
213 1086 443 1148 Thronio,
480 1088 806 1152 Thermopylae
836 1090 971 1151 quasi
1012 1090 1382 1148 claudebantur,
1417 1090 1626 1137 Phocen-

130 1169 251 1217 sium
279 1171 419 1219 etiam
448 1179 545 1218 tum
574 1173 735 1229 fuisse,
765 1188 870 1220 cum
885 1174 980 1234 Jam
1006 1174 1052 1220 in
1076 1188 1134 1220 eo
1161 1181 1289 1220 esset
1308 1173 1551 1237 Philippus
1576 1180 1628 1220 ut

130 1253 392 1301 Phocenses
418 1255 676 1303 debellaret
703 1255 792 1319 (2).

195 1337 286 1385 Sed
309 1339 579 1386 omittamus
605 1340 694 1388 hoc
726 1341 900 1387 bellum
917 1377 928 1398 ,
953 1342 1082 1402 quod
1110 1342 1301 1404 quidem
1340 1342 1387 1388 in
1414 1342 1625 1390 Phocen-

131 1421 255 1468 sium
291 1422 485 1483 regione
510 1424 729 1470 -maxime
764 1424 936 1484 agitur,
969 1439 1135 1471 verum
1168 1432 1215 1472 et
1256 1432 1543 1487 propagatur
1573 1439 1627 1472 ac

130 1503 376 1562 Boeotiam,
400 1505 704 1563 Thessaliam,
731 1507 1106 1569 Peloponnesum
1138 1509 1277 1555 etiam
1302 1507 1491 1570 penitus
1514 1522 1626 1555 con-

133 1588 304 1634 turbat.
338 1588 484 1643 Quam
517 1604 763 1651 personam
799 1599 894 1637 tum
922 1591 1166 1654 Philippus
1207 1593 1432 1652 gesserit,
1464 1599 1624 1639 notum

131 1677 201 1717 est
229 1688 238 1716 2
264 1672 343 1733 qui
370 1672 605 1719 vindicem
626 1688 677 1719 se
697 1672 906 1735 Apollini
928 1674 1063 1720 dedit
1083 1682 1130 1721 et
1151 1675 1415 1722 Phocenses
1434 1681 1628 1722 strenue

131 1761 201 1801 est
226 1769 495 1816 aggressus.
527 1757 576 1802 ln
611 1756 850 1803 Thessalia
878 1765 1069 1815 autem,
1104 1758 1321 1804 manibus
1347 1773 1452 1804 cum
1478 1758 1627 1804 Mace-

133 1837 334 1886 donibus
357 1840 604 1897 consertis,
631 1839 959 1887 Onomarchus
989 1842 1110 1903 perit
1138 1858 1148 1886 :
1179 1842 1253 1888 cui
1275 1841 1495 1904 Phayllus
1519 1857 1624 1888 suc-

130 1920 254 1967 cedit
280 1919 435 1985 (352).
466 1922 556 1969 Sed
586 1923 660 1970 hic
693 1923 819 1970 haud
852 1925 997 1971 multo
1028 1931 1134 1986 post
1162 1925 1326 1972 morbo
1358 1924 1623 1987 conficitur,

132 2010 177 2050 et
200 2004 245 2050 in
274 2006 405 2067 pueri
427 2020 592 2052 manus
617 2007 864 2069 imperium
888 2008 1034 2064 venit,
1064 2008 1262 2054 Phalaeci
1287 2024 1472 2071 nempe,
1499 2009 1624 2056 Ono-

95 2127 99 2132 .
132 2087 309 2133 marchi
336 2086 441 2146 filii,
472 2089 545 2135 cui
577 2096 728 2136 rector
773 2090 1046 2151 adjungitur
1079 2091 1311 2148 Mnaseas.
1350 2091 1409 2138 At
1447 2093 1623 2138 bellum

12 2148 13 2154 ἵ
59 2167 62 2170 ’
132 2168 309 2216 interea
336 2170 460 2218 circa
485 2171 768 2230 Coroneam,
798 2172 951 2233 Abas,
977 2174 1205 2238 Narycem
1234 2175 1450 2222 durabat.
1479 2174 1623 2222 Athe·

133 2251 321 2300 nienses
348 2268 481 2313 vero,
504 2255 703 2318 Philippi
729 2270 977 2318 progressu
996 2258 1092 2317 J'am
1124 2258 1290 2316 territi,
1319 2265 1365 2304 et
1388 2274 1472 2320 pro
1500 2258 1623 2306 Pho·

132 2335 352 2383 censibus
379 2345 539 2400 aperte
568 2346 865 2401 propugnant
891 2347 938 2388 et
963 2341 1022 2387 ad
1050 2341 1386 2404 Thermopylas
1417 2356 1617 2404 propere

175 2532 218 2575 (1)
241 2532 343 2567 Diod.
364 2533 449 2576 Sic.,
471 2535 571 2575 XVI,
590 2536 642 2578 33,
666 2536 695 2569 3.

172 2591 216 2634 (2)
236 2591 408 2633 AEschin.,
428 2595 474 2628 De
490 2595 577 2629 male
596 2601 687 2638 qesta
706 2596 884 2638 leqattone,
908 2595 978 2629 13⁸2.
1002 2595 1055 2629 Cf.
1076 2595 1188 2638 Scyl„
1209 2598 1353 2640 Peripa„
1373 2597 1433 2638 61,
1455 2599 1515 2640 qui
1532 2598 1623 2632 Pho—

131 2651 297 2685 censibus
309 2653 442 2686 addicit
454 2653 780 2696 Epicnemidiorum
797 2657 901 2688 urbes
916 2655 1123 2692 Thronium,
1141 2655 1355 2693 Cnemidem.
1375 2660 1450 2689 tum
1467 2657 1622 2691 Elateam

130 2713 235 2752 atque
251 2710 426 2755 Panopen,
445 2714 538 2755 quod
555 2715 590 2747 in
608 2715 667 2747 illa
685 2718 788 2748 aetate
805 2725 873 2758 qua
887 2716 1072 2755 scribebat,
1094 2715 1329 2749 phocensium
1346 2717 1452 2749 etiam
1469 2718 1545 2751 haec
1561 2727 1621 2761 op-

129 2769 210 2813 pida
226 2775 334 2806 erant·
