1916 3198
375 224 425 264 64
894 236 947 265 DE
975 236 1121 266 Locrus
1149 236 1360 266 opmwrus.

373 310 477 343 mus
505 295 629 359 (nam
657 295 935 344 Aristoteles
965 297 1013 343 in
1041 312 1099 345 eo
1125 312 1232 344 cum
1261 297 1567 359 galaxidiano
1595 297 1730 344 titulo
1755 311 1866 345 con-

371 379 561 442 sentit),
589 395 735 427 unum
758 380 936 427 scilicet
963 381 1285 442 magistratum
1310 381 1543 428 extitisse.

435 463 578 522 Tum,
611 469 782 525 praeter
807 463 958 522 hunc,
995 470 1096 510 erat
1123 463 1251 511 mille
1277 464 1453 511 civium
1480 463 1638 510 contio
1665 477 1775 524 quae
1807 464 1867 511 de

372 546 572 608 publicis
591 547 852 594 commodis
880 546 1174 594 deliberabat
1196 545 1289 610 (l).
1316 547 1418 594 Non
1445 546 1588 608 igitur
1611 547 1866 594 universus

371 630 602 692 populus,
631 630 716 677 sed
747 644 854 692 pars
881 644 957 677 res
983 630 1187 677 civitatis
1215 630 1469 688 tractabat,
1500 630 1628 691 quod
1658 631 1866 678 maxime

368 726 473 759 cum
498 713 807 776 Opuntiorum
836 728 978 761 sensu
1006 714 1257 771 convenit,
1296 714 1377 775 qui
1406 714 1486 760 illo
1510 720 1722 775 tempore
1748 728 1865 761 sane

367 797 677 860 ἀριστοκρατίας
711 797 851 844 etiam
887 811 1040 844 mores
1077 797 1360 844 retinebant.
1403 795 1518 852 Quae
1555 797 1621 843 rei
1663 797 1864 859 publicae

366 878 516 926 forma
534 880 603 928 eis
618 916 632 940 ,
659 880 920 928 secundum
944 880 1159 936 Vischer,
1185 880 1449 927 communis
1470 894 1578 926 cum
1600 879 1864 942 Epizephy-

367 963 449 1009 riis
484 970 584 1010 erat
619 971 666 1011 et
699 963 1000 1026 Colophoniis
1037 971 1084 1011 et
1118 963 1438 1024 Agrigentinis
1475 970 1519 1010 et
1556 962 1780 1024 Rheginis
1818 969 1864 1010 et

366 1046 576 1094 AEolibus
601 1047 775 1110 Cymen
809 1047 1160 1106 habitantibus,
1190 1047 1318 1109 apud
1354 1061 1473 1108 quos
1511 1047 1666 1108 legum
1705 1047 1862 1094 feren-

365 1130 531 1177 darum
558 1143 704 1193 penes
733 1131 859 1178 mille
884 1131 1014 1179 cives
1039 1138 1139 1178 erat
1166 1137 1371 1192 potestas
1397 1129 1489 1192 (2).

429 1213 470 1260 A
495 1213 798 1275 galaxidiano
823 1221 981 1261 autem
1011 1214 1145 1262 titulo
1181 1228 1330 1275 usque
1355 1214 1416 1260 ad
1443 1214 1704 1260 secundum
1731 1229 1776 1260 a.
1807 1213 1856 1260 C.

364 1311 413 1344 n.
443 1297 654 1344 seculum
673 1333 684 1355 ‚
728 1297 908 1344 nullum
938 1311 1072 1359 paene
1100 1297 1435 1344 documentum
1460 1297 1520 1343 de
1545 1296 1860 1358 Opuntiorum

362 1380 553 1427 civitate
580 1380 827 1427 habemus.
856 1378 916 1426 At
939 1395 999 1427 ex
1026 1380 1160 1427 titulo
1183 1380 1263 1441 qui
1286 1380 1346 1426 ad
1371 1380 1632 1427 secundum
1656 1395 1700 1427 a.
1731 1379 1780 1426 C.
1808 1395 1855 1426 n.

361 1463 571 1510 seculum
599 1469 671 1510 est
698 1463 1002 1521 referendus,
1033 1463 1260 1510 discimus
1292 1462 1523 1525 Opuntios
1555 1469 1697 1525 atque
1722 1463 1858 1526 Epic-

361 1547 594 1594 nemidios
631 1547 904 1594 societatem
943 1547 1197 1608 quamdam
1232 1533 1543 1606 informasse,
1583 1561 1689 1608 quae
1723 1549 1857 1594 κοινὸν

359 1637 440 1675 τῶν
461 1638 623 1693 Λοκρῶν
646 1637 727 1676 τῶν
756 1628 897 1676 Ἠοίων
919 1637 1020 1678 erat
1039 1631 1270 1693 appellata
1292 1628 1385 1693 (3).
1410 1631 1494 1676 Hic
1514 1637 1670 1677 autem
1694 1630 1857 1678 titulus

358 1714 418 1760 ad
443 1714 648 1761 honores
671 1715 874 1777 pertinet
894 1715 1156 1761 Cassandro
1178 1714 1392 1771 cuidam,
1419 1714 1716 1761 Menestheos
1739 1713 1853 1772 filio,

359 1812 452 1845 non
475 1798 616 1845 modo
639 1812 666 1844 a
688 1798 845 1845 Locris
860 1833 873 1856 ‚
897 1798 981 1845 sed
1003 1812 1030 1844 a
1054 1798 1198 1845 variis
1219 1804 1300 1844 aut
1323 1797 1564 1844 foederatis
1589 1803 1670 1843 aut
1692 1797 1855 1844 liberis

356 1881 628 1928 civitatibus
652 1895 919 1928 concessos
960 1880 1159 1936 Quando
1192 1895 1307 1927 vero
1338 1879 1600 1927 Orientales
1634 1880 1764 1927 Locri
1803 1894 1855 1927 se

358 1964 404 2010 in
431 1967 565 2011 κοινόν
592 1965 946 2021 constituerint,
979 1965 1277 2025 ignoramus3
1317 1978 1589 2025 quanquam
1623 1963 1854 2026 suspicari

356 2047 463 2094 licet
487 2062 599 2106 eos,
628 2062 733 2094 cum
765 2046 954 2095 floreret
988 2047 1033 2093 in
1070 2047 1427 2109 septentrionali
1464 2047 1642 2094 Graecia
1676 2047 1852 2094 AEtolo-

356 2146 458 2178 rum
497 2131 678 2190 soedus,
707 2131 910 2178 similem
949 2137 1046 2177 tum
1081 2131 1356 2178 societatem
1395 2130 1656 2178 effinxisse.
1687 2131 1852 2193 Neque

355 2214 482 2275 leges
510 2214 634 2261 illius
660 2223 796 2260 κοινοῦ
823 2214 1060 2262 novimus.
1093 2213 1144 2261 In
1173 2228 1270 2275 quo
1298 2211 1464 2261 civitas
1494 2227 1694 2276 quaeque
1712 2251 1723 2269 ‚
1747 2213 1851 2260 sine

354 2298 519 2361 dubio,
542 2298 664 2345 sicut
684 2298 730 2344 in
756 2298 935 2346 soedere
961 2298 1165 2346 boeotico
1182 2303 1325 2359 atque
1350 2297 1397 2343 in
1413 2298 1633 2345 omnibus
1655 2297 1851 2344 Graeciae

353 2381 544 2444 paribus
564 2388 742 2438 κοινοῖς,
767 2396 819 2428 se
848 2382 996 2443 ipsam
1026 2381 1235 2442 regebat.
1267 2381 1316 2426 In
1348 2380 1483 2427 titulo
1503 2380 1628 2427 enim
1653 2379 1845 2427 Thronii

350 2472 563 2527 repert0‚
602 2465 714 2526 qui,
759 2466 798 2511 si
837 2465 1074 2512 credimus
1111 2464 1237 2511 aetati
1267 2477 1407 2525 quam
1443 2464 1485 2511 ei
1524 2462 1699 2510 Boeckh
1727 2463 1847 2510 assi·
1912 2488 1916 2493 -

395 2637 440 2678 (¹)
459 2635 559 2671 Vere.
577 2636 688 2672 39-40.

391 2696 439 2738 (ἲ)
456 2695 625 2737 Vischer,
643 2697 780 2740 disce-pt.
802 2698 874 2735 cit..
896 2707 931 2740 p.
949 2695 1002 2730 70.

389 2756 438 2797 (3)
454 2755 494 2790 Ε.
512 2756 666 2798 Curtius,
687 2757 884 2792 Donkmator
904 2757 975 2791 und
993 2757 1244 2799 Forschunuen,
1274 2757 1365 2796 1855.
1387 2766 1423 2792 n.
1443 2756 1494 2798 75,
1514 2767 1546 2800 p.
1569 2757 1620 2791 40.
