<?xml version="1.0" encoding="UTF-8"?>
<!DOCTYPE html PUBLIC "-//W3C//DTD XHTML 1.0 Transitional//EN"
    "http://www.w3.org/TR/xhtml1/DTD/xhtml1-transitional.dtd">
<html xmlns="http://www.w3.org/1999/xhtml" xml:lang="en" lang="en">
 <head>
  <title>
</title>
<meta http-equiv="Content-Type" content="text/html;charset=utf-8" />
  <meta name='ocr-system' content='tesseract 3.04.00' />
  <meta name='ocr-capabilities' content='ocr_page ocr_carea ocr_par ocr_line ocrx_word'/>
</head>
<body>
  <div class='ocr_page' id='page_1' title='image "./delocrisopuntiis00gira_0057.png"; bbox 0 0 1916 3198; ppageno 0'>
   <div class='ocr_carea' id='block_1_1' title="bbox 643 247 1636 295">
    <p class='ocr_par' dir='ltr' id='par_1_1' title="bbox 643 247 1636 295">
     <span class='ocr_line' id='line_1_1' title="bbox 643 247 1636 295; baseline -0.007 -1"><span class='ocrx_word' id='word_1_1' title='bbox 643 264 845 295; x_wconf 73' lang='lat' dir='ltr'>nnetoms</span> <span class='ocrx_word' id='word_1_2' title='bbox 874 262 1134 293; x_wconf 72' lang='lat' dir='ltr'>nssscmprro.</span> <span class='ocrx_word' id='word_1_3' title='bbox 1588 247 1636 288; x_wconf 86' lang='lat'>41</span> 
     </span>
    </p>
   </div>
   <div class='ocr_carea' id='block_1_2' title="bbox 135 342 1639 1819">
    <p class='ocr_par' dir='ltr' id='par_1_2' title="bbox 139 342 1639 738">
     <span class='ocr_line' id='line_1_2' title="bbox 204 342 1639 403; baseline -0.006 -9"><span class='ocrx_word' id='word_1_4' title='bbox 204 347 318 394; x_wconf 90' lang='lat' dir='ltr'>Tum</span> <span class='ocrx_word' id='word_1_5' title='bbox 359 347 436 394; x_wconf 87' lang='lat' dir='ltr'>via</span> <span class='ocrx_word' id='word_1_6' title='bbox 479 359 531 393; x_wconf 86' lang='lat' dir='ltr'>se</span> <span class='ocrx_word' id='word_1_7' title='bbox 575 346 622 391; x_wconf 92' lang='lat' dir='ltr'>in</span> <span class='ocrx_word' id='word_1_8' title='bbox 671 344 792 392; x_wconf 89' lang='lat' dir='ltr'>duos</span> <span class='ocrx_word' id='word_1_9' title='bbox 834 343 976 390; x_wconf 87' lang='lat' dir='ltr'>calles</span> <span class='ocrx_word' id='word_1_10' title='bbox 1027 342 1228 400; x_wconf 90' lang='lat' dir='ltr'>dividit,</span> <span class='ocrx_word' id='word_1_11' title='bbox 1268 354 1469 403; x_wconf 87' lang='lat' dir='ltr'>quorum</span> <span class='ocrx_word' id='word_1_12' title='bbox 1516 353 1639 387; x_wconf 92' lang='lat' dir='ltr'>unus</span> 
     </span>
     <span class='ocr_line' id='line_1_3' title="bbox 141 422 1636 491; baseline -0.005 -15"><span class='ocrx_word' id='word_1_13' title='bbox 141 443 225 491; x_wconf 87' lang='lat' dir='ltr'>per</span> <span class='ocrx_word' id='word_1_14' title='bbox 254 429 423 476; x_wconf 87' lang='lat' dir='ltr'>saltum</span> <span class='ocrx_word' id='word_1_15' title='bbox 455 428 711 488; x_wconf 74' lang='lat' dir='ltr'>Anarqhyri</span> <span class='ocrx_word' id='word_1_16' title='bbox 748 426 795 472; x_wconf 94' lang='lat' dir='ltr'>in</span> <span class='ocrx_word' id='word_1_17' title='bbox 835 427 1037 472; x_wconf 81' lang='lat' dir='ltr'>Atalanti</span> <span class='ocrx_word' id='word_1_18' title='bbox 1067 425 1293 487; x_wconf 90' lang='lat' dir='ltr'>oppidum</span> <span class='ocrx_word' id='word_1_19' title='bbox 1321 423 1473 480; x_wconf 90' lang='lat' dir='ltr'>ducit,</span> <span class='ocrx_word' id='word_1_20' title='bbox 1514 422 1636 470; x_wconf 91' lang='lat' dir='ltr'>alter</span> 
     </span>
     <span class='ocr_line' id='line_1_4' title="bbox 140 508 1637 572; baseline -0.005 -14"><span class='ocrx_word' id='word_1_21' title='bbox 140 512 406 570; x_wconf 79' lang='lat' dir='ltr'>Neo-Chori,</span> <span class='ocrx_word' id='word_1_22' title='bbox 453 524 621 572; x_wconf 84' lang='lat' dir='ltr'>pagum</span> <span class='ocrx_word' id='word_1_23' title='bbox 665 509 932 567; x_wconf 88' lang='lat' dir='ltr'>desertum,</span> <span class='ocrx_word' id='word_1_24' title='bbox 974 508 1166 569; x_wconf 81' lang='lat' dir='ltr'><strong>trajicit,</strong></span> <span class='ocrx_word' id='word_1_25' title='bbox 1211 514 1259 555; x_wconf 91' lang='lat' dir='ltr'>et</span> <span class='ocrx_word' id='word_1_26' title='bbox 1287 513 1498 554; x_wconf 89' lang='lat' dir='ltr'>veterem</span> <span class='ocrx_word' id='word_1_27' title='bbox 1542 512 1637 552; x_wconf 85' lang='lat' dir='ltr'>tur-</span> 
     </span>
     <span class='ocr_line' id='line_1_5' title="bbox 140 588 1635 655; baseline -0.004 -14"><span class='ocrx_word' id='word_1_28' title='bbox 140 595 227 641; x_wconf 88' lang='lat' dir='ltr'>rim</span> <span class='ocrx_word' id='word_1_29' title='bbox 258 594 371 641; x_wconf 86' lang='lat' dir='ltr'>satis</span> <span class='ocrx_word' id='word_1_30' title='bbox 410 593 629 640; x_wconf 82' lang='lat' dir='ltr'>intactam</span> <span class='ocrx_word' id='word_1_31' title='bbox 665 591 1076 655; x_wconf 75' lang='lat' dir='ltr'>praetergreditur,</span> <span class='ocrx_word' id='word_1_32' title='bbox 1115 590 1327 652; x_wconf 91' lang='lat' dir='ltr'>denique</span> <span class='ocrx_word' id='word_1_33' title='bbox 1354 588 1635 646; x_wconf 83' lang='lat' dir='ltr'>Gardinitsa,</span> 
     </span>
     <span class='ocr_line' id='line_1_6' title="bbox 139 675 1048 738; baseline -0.004 -14"><span class='ocrx_word' id='word_1_34' title='bbox 139 677 376 724; x_wconf 91' lang='lat' dir='ltr'>desertum</span> <span class='ocrx_word' id='word_1_35' title='bbox 403 690 594 738; x_wconf 90' lang='lat' dir='ltr'>quoque</span> <span class='ocrx_word' id='word_1_36' title='bbox 621 689 811 738; x_wconf 91' lang='lat' dir='ltr'>pagum,</span> <span class='ocrx_word' id='word_1_37' title='bbox 843 675 1048 736; x_wconf 88' lang='lat' dir='ltr'>attingit.</span> 
     </span>
    </p>

    <p class='ocr_par' dir='ltr' id='par_1_3' title="bbox 135 754 1639 1819">
     <span class='ocr_line' id='line_1_7' title="bbox 203 754 1634 822; baseline -0.005 -15"><span class='ocrx_word' id='word_1_38' title='bbox 203 760 296 807; x_wconf 90' lang='lat' dir='ltr'>Nec</span> <span class='ocrx_word' id='word_1_39' title='bbox 318 759 478 822; x_wconf 87' lang='lat' dir='ltr'>procul</span> <span class='ocrx_word' id='word_1_40' title='bbox 495 759 604 806; x_wconf 90' lang='lat' dir='ltr'>hinc</span> <span class='ocrx_word' id='word_1_41' title='bbox 630 759 844 806; x_wconf 83' lang='lat' dir='ltr'>extitisse</span> <span class='ocrx_word' id='word_1_42' title='bbox 864 758 1096 820; x_wconf 84' lang='lat' dir='ltr'>Opuntem</span> <span class='ocrx_word' id='word_1_43' title='bbox 1126 756 1277 803; x_wconf 86' lang='lat' dir='ltr'>Leake</span> <span class='ocrx_word' id='word_1_44' title='bbox 1294 754 1634 818; x_wconf 80' lang='lat' dir='ltr'>contendit(l).</span> 
     </span>
     <span class='ocr_line' id='line_1_8' title="bbox 138 838 1639 904; baseline -0.004 -14"><span class='ocrx_word' id='word_1_45' title='bbox 138 843 189 890; x_wconf 94' lang='lat' dir='ltr'>In</span> <span class='ocrx_word' id='word_1_46' title='bbox 214 843 334 891; x_wconf 92' lang='lat' dir='ltr'>colle</span> <span class='ocrx_word' id='word_1_47' title='bbox 359 843 483 890; x_wconf 90' lang='lat' dir='ltr'>enim</span> <span class='ocrx_word' id='word_1_48' title='bbox 511 842 590 904; x_wconf 89' lang='lat' dir='ltr'>qui</span> <span class='ocrx_word' id='word_1_49' title='bbox 619 842 856 889; x_wconf 86' lang='lat' dir='ltr'>incedenti</span> <span class='ocrx_word' id='word_1_50' title='bbox 888 841 952 888; x_wconf 91' lang='lat' dir='ltr'>ad</span> <span class='ocrx_word' id='word_1_51' title='bbox 981 842 1226 887; x_wconf 81' lang='lat' dir='ltr'>dexteram</span> <span class='ocrx_word' id='word_1_52' title='bbox 1255 839 1432 900; x_wconf 86' lang='lat' dir='ltr'>surgit,</span> <span class='ocrx_word' id='word_1_53' title='bbox 1466 838 1639 886; x_wconf 89' lang='lat' dir='ltr'>veteris</span> 
     </span>
     <span class='ocr_line' id='line_1_9' title="bbox 136 921 1636 987; baseline -0.005 -13"><span class='ocrx_word' id='word_1_54' title='bbox 136 926 378 987; x_wconf 86' lang='lat' dir='ltr'>cujusdam</span> <span class='ocrx_word' id='word_1_55' title='bbox 401 925 631 987; x_wconf 88' lang='lat' dir='ltr'>acropolis</span> <span class='ocrx_word' id='word_1_56' title='bbox 654 925 863 986; x_wconf 89' lang='lat' dir='ltr'>vestigia</span> <span class='ocrx_word' id='word_1_57' title='bbox 895 924 1249 982; x_wconf 86' lang='lat' dir='ltr'>discernuntur;</span> <span class='ocrx_word' id='word_1_58' title='bbox 1266 930 1362 969; x_wconf 87' lang='lat' dir='ltr'>tum</span> <span class='ocrx_word' id='word_1_59' title='bbox 1385 921 1431 968; x_wconf 91' lang='lat' dir='ltr'>in</span> <span class='ocrx_word' id='word_1_60' title='bbox 1452 935 1636 983; x_wconf 91' lang='lat' dir='ltr'>campo,</span> 
     </span>
     <span class='ocr_line' id='line_1_10' title="bbox 136 1005 1635 1073; baseline -0.004 -17"><span class='ocrx_word' id='word_1_61' title='bbox 136 1023 283 1073; x_wconf 83' lang='lat' dir='ltr'>prope</span> <span class='ocrx_word' id='word_1_62' title='bbox 309 1023 477 1072; x_wconf 87' lang='lat' dir='ltr'>pagum</span> <span class='ocrx_word' id='word_1_63' title='bbox 504 1010 762 1070; x_wconf 77' lang='lat' dir='ltr'>Kyparissi,</span> <span class='ocrx_word' id='word_1_64' title='bbox 795 1008 841 1054; x_wconf 90' lang='lat' dir='ltr'>in</span> <span class='ocrx_word' id='word_1_65' title='bbox 880 1015 1078 1068; x_wconf 89' lang='lat' dir='ltr'>utraque</span> <span class='ocrx_word' id='word_1_66' title='bbox 1109 1006 1230 1053; x_wconf 88' lang='lat' dir='ltr'>aridi</span> <span class='ocrx_word' id='word_1_67' title='bbox 1259 1005 1479 1054; x_wconf 89' lang='lat' dir='ltr'>torrentis</span> <span class='ocrx_word' id='word_1_68' title='bbox 1506 1005 1635 1067; x_wconf 87' lang='lat' dir='ltr'>ripa,</span> 
     </span>
     <span class='ocr_line' id='line_1_11' title="bbox 135 1088 1638 1155; baseline -0.005 -14"><span class='ocrx_word' id='word_1_69' title='bbox 135 1093 286 1141; x_wconf 90' lang='lat' dir='ltr'>solum</span> <span class='ocrx_word' id='word_1_70' title='bbox 313 1094 457 1155; x_wconf 89' lang='lat' dir='ltr'>petris</span> <span class='ocrx_word' id='word_1_71' title='bbox 484 1091 799 1154; x_wconf 86' lang='lat' dir='ltr'>fictilibusque</span> <span class='ocrx_word' id='word_1_72' title='bbox 823 1091 1096 1152; x_wconf 78' lang='lat' dir='ltr'>fragmentis</span> <span class='ocrx_word' id='word_1_73' title='bbox 1122 1104 1337 1152; x_wconf 89' lang='lat' dir='ltr'>sparsum</span> <span class='ocrx_word' id='word_1_74' title='bbox 1364 1089 1527 1136; x_wconf 90' lang='lat' dir='ltr'>urbem</span> <span class='ocrx_word' id='word_1_75' title='bbox 1561 1088 1638 1134; x_wconf 93' lang='lat' dir='ltr'>hic</span> 
     </span>
     <span class='ocr_line' id='line_1_12' title="bbox 136 1171 1638 1229; baseline -0.004 -6"><span class='ocrx_word' id='word_1_76' title='bbox 136 1176 281 1224; x_wconf 80' lang='lat' dir='ltr'>fuisse</span> <span class='ocrx_word' id='word_1_77' title='bbox 314 1176 639 1224; x_wconf 87' lang='lat' dir='ltr'>demonstrare</span> <span class='ocrx_word' id='word_1_78' title='bbox 687 1175 896 1222; x_wconf 89' lang='lat' dir='ltr'>videtur.</span> <span class='ocrx_word' id='word_1_79' title='bbox 934 1173 1056 1229; x_wconf 87' lang='lat' dir='ltr'>Quin</span> <span class='ocrx_word' id='word_1_80' title='bbox 1102 1173 1242 1220; x_wconf 87' lang='lat' dir='ltr'>etiam</span> <span class='ocrx_word' id='word_1_81' title='bbox 1285 1172 1381 1219; x_wconf 94' lang='lat' dir='ltr'>duo</span> <span class='ocrx_word' id='word_1_82' title='bbox 1417 1171 1638 1218; x_wconf 83' lang='lat' dir='ltr'>funebres</span> 
     </span>
     <span class='ocr_line' id='line_1_13' title="bbox 139 1255 1639 1320; baseline -0.004 -14"><span class='ocrx_word' id='word_1_83' title='bbox 139 1259 259 1306; x_wconf 90' lang='lat' dir='ltr'>tituli</span> <span class='ocrx_word' id='word_1_84' title='bbox 286 1259 346 1306; x_wconf 91' lang='lat' dir='ltr'>ad</span> <span class='ocrx_word' id='word_1_85' title='bbox 372 1258 749 1320; x_wconf 88' lang='lat' dir='ltr'>antiquissimam</span> <span class='ocrx_word' id='word_1_86' title='bbox 789 1264 980 1305; x_wconf 84' lang='lat' dir='ltr'>aetatem</span> <span class='ocrx_word' id='word_1_87' title='bbox 1018 1256 1306 1319; x_wconf 87' lang='lat' dir='ltr'>pertinentes</span> <span class='ocrx_word' id='word_1_88' title='bbox 1341 1262 1483 1316; x_wconf 85' lang='lat' dir='ltr'>atque</span> <span class='ocrx_word' id='word_1_89' title='bbox 1517 1255 1639 1301; x_wconf 87' lang='lat' dir='ltr'>inter</span> 
     </span>
     <span class='ocr_line' id='line_1_14' title="bbox 138 1338 1637 1404; baseline -0.004 -15"><span class='ocrx_word' id='word_1_90' title='bbox 138 1342 223 1389; x_wconf 87' lang='lat' dir='ltr'>has</span> <span class='ocrx_word' id='word_1_91' title='bbox 243 1342 465 1404; x_wconf 85' lang='lat' dir='ltr'>reliquias</span> <span class='ocrx_word' id='word_1_92' title='bbox 491 1356 518 1388; x_wconf 86' lang='lat' dir='ltr'>a</span> <span class='ocrx_word' id='word_1_93' title='bbox 545 1342 682 1389; x_wconf 90' lang='lat' dir='ltr'>nobis</span> <span class='ocrx_word' id='word_1_94' title='bbox 711 1341 882 1403; x_wconf 87' lang='lat' dir='ltr'>reperti</span> <span class='ocrx_word' id='word_1_95' title='bbox 906 1339 999 1403; x_wconf 69' lang='lat'>(2),</span> <span class='ocrx_word' id='word_1_96' title='bbox 1030 1340 1156 1400; x_wconf 86' lang='lat' dir='ltr'>angli</span> <span class='ocrx_word' id='word_1_97' title='bbox 1182 1339 1376 1387; x_wconf 85' lang='lat' dir='ltr'>viatoris</span> <span class='ocrx_word' id='word_1_98' title='bbox 1398 1338 1637 1399; x_wconf 88' lang='lat' dir='ltr'>conjectu·</span> 
     </span>
     <span class='ocr_line' id='line_1_15' title="bbox 138 1422 1637 1484; baseline -0.003 -12"><span class='ocrx_word' id='word_1_99' title='bbox 138 1439 238 1472; x_wconf 88' lang='lat' dir='ltr'>ram</span> <span class='ocrx_word' id='word_1_100' title='bbox 278 1424 391 1472; x_wconf 90' lang='lat' dir='ltr'>satis</span> <span class='ocrx_word' id='word_1_101' title='bbox 429 1423 731 1472; x_wconf 86' lang='lat' dir='ltr'>confirmant.</span> <span class='ocrx_word' id='word_1_102' title='bbox 769 1423 854 1470; x_wconf 91' lang='lat' dir='ltr'>Hic</span> <span class='ocrx_word' id='word_1_103' title='bbox 896 1424 1055 1484; x_wconf 87' lang='lat' dir='ltr'>itaque</span> <span class='ocrx_word' id='word_1_104' title='bbox 1088 1422 1320 1484; x_wconf 89' lang='lat' dir='ltr'>Opuntem</span> <span class='ocrx_word' id='word_1_105' title='bbox 1358 1422 1494 1468; x_wconf 90' lang='lat' dir='ltr'>sitam</span> <span class='ocrx_word' id='word_1_106' title='bbox 1532 1436 1637 1468; x_wconf 90' lang='lat' dir='ltr'>esse</span> 
     </span>
     <span class='ocr_line' id='line_1_16' title="bbox 138 1504 1633 1568; baseline -0.003 -14"><span class='ocrx_word' id='word_1_107' title='bbox 138 1508 426 1555; x_wconf 90' lang='lat' dir='ltr'>credendum</span> <span class='ocrx_word' id='word_1_108' title='bbox 455 1508 541 1565; x_wconf 88' lang='lat' dir='ltr'>sit,</span> <span class='ocrx_word' id='word_1_109' title='bbox 568 1515 616 1554; x_wconf 88' lang='lat' dir='ltr'>et</span> <span class='ocrx_word' id='word_1_110' title='bbox 642 1507 859 1554; x_wconf 90' lang='lat' dir='ltr'>eamdem</span> <span class='ocrx_word' id='word_1_111' title='bbox 885 1507 1154 1568; x_wconf 89' lang='lat' dir='ltr'>opinionem</span> <span class='ocrx_word' id='word_1_112' title='bbox 1180 1505 1392 1566; x_wconf 87' lang='lat' dir='ltr'>sequitur</span> <span class='ocrx_word' id='word_1_113' title='bbox 1411 1504 1633 1563; x_wconf 91' lang='lat' dir='ltr'>Bursian,</span> 
     </span>
     <span class='ocr_line' id='line_1_17' title="bbox 138 1587 1638 1653; baseline -0.003 -16"><span class='ocrx_word' id='word_1_114' title='bbox 138 1591 219 1653; x_wconf 91' lang='lat' dir='ltr'>qui</span> <span class='ocrx_word' id='word_1_115' title='bbox 252 1591 380 1638; x_wconf 90' lang='lat' dir='ltr'>urbis</span> <span class='ocrx_word' id='word_1_116' title='bbox 407 1591 661 1652; x_wconf 89' lang='lat' dir='ltr'>acropolim</span> <span class='ocrx_word' id='word_1_117' title='bbox 682 1626 694 1647; x_wconf 92' lang='lat'>,</span> <span class='ocrx_word' id='word_1_118' title='bbox 725 1590 848 1637; x_wconf 88' lang='lat' dir='ltr'>sicut</span> <span class='ocrx_word' id='word_1_119' title='bbox 875 1590 1052 1646; x_wconf 86' lang='lat' dir='ltr'>Leake,</span> <span class='ocrx_word' id='word_1_120' title='bbox 1083 1590 1129 1635; x_wconf 92' lang='lat' dir='ltr'>in</span> <span class='ocrx_word' id='word_1_121' title='bbox 1164 1589 1281 1636; x_wconf 91' lang='lat' dir='ltr'>colle</span> <span class='ocrx_word' id='word_1_122' title='bbox 1314 1603 1458 1650; x_wconf 88' lang='lat' dir='ltr'>prope</span> <span class='ocrx_word' id='word_1_123' title='bbox 1485 1587 1638 1634; x_wconf 83' lang='lat' dir='ltr'>Gardi-</span> 
     </span>
     <span class='ocr_line' id='line_1_18' title="bbox 137 1671 1632 1736; baseline -0.002 -17"><span class='ocrx_word' id='word_1_124' title='bbox 137 1676 253 1719; x_wconf 78' lang='lat' dir='ltr'>nitsa</span> <span class='ocrx_word' id='word_1_125' title='bbox 291 1673 418 1719; x_wconf 92' lang='lat' dir='ltr'>edito</span> <span class='ocrx_word' id='word_1_126' title='bbox 463 1672 660 1720; x_wconf 90' lang='lat' dir='ltr'>collocat</span> <span class='ocrx_word' id='word_1_127' title='bbox 693 1671 785 1736; x_wconf 88' lang='lat'><strong>(3).</strong></span> <span class='ocrx_word' id='word_1_128' title='bbox 823 1672 1015 1719; x_wconf 87' lang='lat' dir='ltr'>Recenti</span> <span class='ocrx_word' id='word_1_129' title='bbox 1063 1686 1177 1718; x_wconf 88' lang='lat' dir='ltr'>vero</span> <span class='ocrx_word' id='word_1_130' title='bbox 1221 1678 1632 1718; x_wconf 89' lang='lat' dir='ltr'>monumentorum</span> 
     </span>
     <span class='ocr_line' id='line_1_19' title="bbox 138 1755 1634 1819; baseline -0.001 -16"><span class='ocrx_word' id='word_1_131' title='bbox 138 1757 447 1819; x_wconf 90' lang='lat' dir='ltr'>quorumdam</span> <span class='ocrx_word' id='word_1_132' title='bbox 495 1756 773 1804; x_wconf 88' lang='lat' dir='ltr'>inventione</span> <span class='ocrx_word' id='word_1_133' title='bbox 807 1756 1058 1802; x_wconf 88' lang='lat' dir='ltr'>inclinatus</span> <span class='ocrx_word' id='word_1_134' title='bbox 1091 1763 1162 1803; x_wconf 90' lang='lat' dir='ltr'>est</span> <span class='ocrx_word' id='word_1_135' title='bbox 1191 1755 1546 1803; x_wconf 86' lang='lat' dir='ltr'>Koumanoudis</span> <span class='ocrx_word' id='word_1_136' title='bbox 1584 1761 1634 1801; x_wconf 91' lang='lat' dir='ltr'>ut</span> 
     </span>
    </p>
   </div>
   <div class='ocr_carea' id='block_1_3' title="bbox 70 1838 1634 1902">
    <p class='ocr_par' dir='ltr' id='par_1_4' title="bbox 70 1838 1634 1902">
     <span class='ocr_line' id='line_1_20' title="bbox 70 1838 1634 1902; baseline -0.001 -16"><span class='ocrx_word' id='word_1_137' title='bbox 70 1883 73 1885; x_wconf 73' lang='lat'>.</span> <span class='ocrx_word' id='word_1_138' title='bbox 138 1839 260 1887; x_wconf 83' lang='lat' dir='ltr'>circa</span> <span class='ocrx_word' id='word_1_139' title='bbox 297 1841 502 1887; x_wconf 76' lang='lat' dir='ltr'>Atalanti</span> <span class='ocrx_word' id='word_1_140' title='bbox 536 1847 725 1902; x_wconf 89' lang='lat' dir='ltr'>putaret</span> <span class='ocrx_word' id='word_1_141' title='bbox 757 1839 1063 1900; x_wconf 86' lang='lat' dir='ltr'>quaerendum</span> <span class='ocrx_word' id='word_1_142' title='bbox 1101 1853 1204 1886; x_wconf 88' lang='lat' dir='ltr'>esse</span> <span class='ocrx_word' id='word_1_143' title='bbox 1241 1839 1410 1886; x_wconf 90' lang='lat' dir='ltr'>veteris</span> <span class='ocrx_word' id='word_1_144' title='bbox 1436 1838 1634 1900; x_wconf 87' lang='lat' dir='ltr'>Opuntis</span> 
     </span>
    </p>
   </div>
   <div class='ocr_carea' id='block_1_4' title="bbox 138 1921 1628 2068">
    <p class='ocr_par' dir='ltr' id='par_1_5' title="bbox 138 1921 1628 2068">
     <span class='ocr_line' id='line_1_21' title="bbox 139 1921 1628 1985; baseline -0.001 -16"><span class='ocrx_word' id='word_1_145' title='bbox 139 1923 278 1970; x_wconf 88' lang='lat' dir='ltr'>situm</span> <span class='ocrx_word' id='word_1_146' title='bbox 295 1921 384 1985; x_wconf 71' lang='lat' dir='ltr'>(t).</span> <span class='ocrx_word' id='word_1_147' title='bbox 404 1921 542 1970; x_wconf 88' lang='lat' dir='ltr'>Tituli</span> <span class='ocrx_word' id='word_1_148' title='bbox 566 1923 690 1970; x_wconf 92' lang='lat' dir='ltr'>enim</span> <span class='ocrx_word' id='word_1_149' title='bbox 718 1924 762 1968; x_wconf 90' lang='lat' dir='ltr'>in</span> <span class='ocrx_word' id='word_1_150' title='bbox 786 1923 958 1984; x_wconf 89' lang='lat' dir='ltr'>quibus</span> <span class='ocrx_word' id='word_1_151' title='bbox 982 1937 1151 1969; x_wconf 87' lang='lat' dir='ltr'>nomen</span> <span class='ocrx_word' id='word_1_152' title='bbox 1185 1921 1417 1968; x_wconf 79' lang='grc' dir='ltr'>Ὀπούντιοι</span> <span class='ocrx_word' id='word_1_153' title='bbox 1441 1922 1628 1983; x_wconf 88' lang='lat' dir='ltr'>legitur,</span> 
     </span>
     <span class='ocr_line' id='line_1_22' title="bbox 138 2005 1627 2068; baseline 0.001 -16"><span class='ocrx_word' id='word_1_154' title='bbox 138 2005 445 2068; x_wconf 90' lang='lat' dir='ltr'>Opuntiorum</span> <span class='ocrx_word' id='word_1_155' title='bbox 493 2006 680 2053; x_wconf 85' lang='lat' dir='ltr'>decreta</span> <span class='ocrx_word' id='word_1_156' title='bbox 736 2020 881 2067; x_wconf 87' lang='lat' dir='ltr'>prope</span> <span class='ocrx_word' id='word_1_157' title='bbox 924 2007 1128 2052; x_wconf 63' lang='lat' dir='ltr'>Atalanta·</span> <span class='ocrx_word' id='word_1_158' title='bbox 1175 2013 1390 2068; x_wconf 88' lang='lat' dir='ltr'>reperta,</span> <span class='ocrx_word' id='word_1_159' title='bbox 1441 2013 1627 2066; x_wconf 78' lang='lat' dir='ltr'>statuae,</span> 
     </span>
    </p>
   </div>
   <div class='ocr_carea' id='block_1_5' title="bbox 84 2088 1630 2151">
    <p class='ocr_par' dir='ltr' id='par_1_6' title="bbox 84 2088 1630 2151">
     <span class='ocr_line' id='line_1_23' title="bbox 84 2088 1630 2151; baseline 0.001 -16"><span class='ocrx_word' id='word_1_160' title='bbox 84 2103 88 2108; x_wconf 84' lang='grc'><strong>’</strong></span> <span class='ocrx_word' id='word_1_161' title='bbox 139 2088 388 2147; x_wconf 86' lang='lat' dir='ltr'>columnae,</span> <span class='ocrx_word' id='word_1_162' title='bbox 414 2089 540 2135; x_wconf 89' lang='lat' dir='ltr'>varia</span> <span class='ocrx_word' id='word_1_163' title='bbox 563 2090 864 2150; x_wconf 91' lang='lat' dir='ltr'>antiquorum</span> <span class='ocrx_word' id='word_1_164' title='bbox 891 2104 1083 2151; x_wconf 89' lang='lat' dir='ltr'>operum</span> <span class='ocrx_word' id='word_1_165' title='bbox 1107 2090 1366 2150; x_wconf 84' lang='lat' dir='ltr'>fragmenta</span> <span class='ocrx_word' id='word_1_166' title='bbox 1387 2089 1434 2135; x_wconf 90' lang='lat' dir='ltr'>in</span> <span class='ocrx_word' id='word_1_167' title='bbox 1458 2090 1630 2136; x_wconf 89' lang='lat' dir='ltr'>vinetis</span> 
     </span>
    </p>
   </div>
   <div class='ocr_carea' id='block_1_6' title="bbox 138 2171 1627 2481">
    <p class='ocr_par' dir='ltr' id='par_1_7' title="bbox 138 2171 1627 2481">
     <span class='ocr_line' id='line_1_24' title="bbox 139 2171 1626 2234; baseline 0 -16"><span class='ocrx_word' id='word_1_168' title='bbox 139 2171 448 2229; x_wconf 88' lang='lat' dir='ltr'>suburbanis,</span> <span class='ocrx_word' id='word_1_169' title='bbox 486 2178 570 2218; x_wconf 88' lang='lat' dir='ltr'>aut</span> <span class='ocrx_word' id='word_1_170' title='bbox 608 2172 669 2218; x_wconf 90' lang='lat' dir='ltr'>ad</span> <span class='ocrx_word' id='word_1_171' title='bbox 708 2179 896 2234; x_wconf 90' lang='lat' dir='ltr'>pontem</span> <span class='ocrx_word' id='word_1_172' title='bbox 939 2172 1191 2234; x_wconf 90' lang='lat' dir='ltr'>quemdam</span> <span class='ocrx_word' id='word_1_173' title='bbox 1238 2173 1343 2219; x_wconf 88' lang='lat' dir='ltr'>urbi</span> <span class='ocrx_word' id='word_1_174' title='bbox 1387 2173 1626 2232; x_wconf 88' lang='lat' dir='ltr'>vicinum,</span> 
     </span>
     <span class='ocr_line' id='line_1_25' title="bbox 141 2254 1627 2317; baseline 0.001 -17"><span class='ocrx_word' id='word_1_175' title='bbox 141 2259 263 2300; x_wconf 90' lang='lat' dir='ltr'>terra</span> <span class='ocrx_word' id='word_1_176' title='bbox 296 2254 497 2311; x_wconf 84' lang='lat' dir='ltr'>effossa,</span> <span class='ocrx_word' id='word_1_177' title='bbox 529 2254 768 2301; x_wconf 86' lang='lat' dir='ltr'>declarare</span> <span class='ocrx_word' id='word_1_178' title='bbox 804 2255 1026 2302; x_wconf 89' lang='lat' dir='ltr'>videntur</span> <span class='ocrx_word' id='word_1_179' title='bbox 1061 2256 1108 2301; x_wconf 93' lang='lat' dir='ltr'>in</span> <span class='ocrx_word' id='word_1_180' title='bbox 1149 2255 1238 2303; x_wconf 93' lang='lat' dir='ltr'>hoc</span> <span class='ocrx_word' id='word_1_181' title='bbox 1274 2255 1375 2302; x_wconf 92' lang='lat' dir='ltr'>loco</span> <span class='ocrx_word' id='word_1_182' title='bbox 1411 2270 1627 2317; x_wconf 85' lang='lat' dir='ltr'>magnam</span> 
     </span>
     <span class='ocr_line' id='line_1_26' title="bbox 138 2335 1624 2400; baseline 0.002 -18"><span class='ocrx_word' id='word_1_183' title='bbox 138 2335 374 2383; x_wconf 88' lang='lat' dir='ltr'>civitatem</span> <span class='ocrx_word' id='word_1_184' title='bbox 412 2351 492 2393; x_wconf 89' lang='lat' dir='ltr'>ac,</span> <span class='ocrx_word' id='word_1_185' title='bbox 528 2337 631 2384; x_wconf 91' lang='lat' dir='ltr'>sine</span> <span class='ocrx_word' id='word_1_186' title='bbox 673 2338 842 2394; x_wconf 91' lang='lat' dir='ltr'>dubio,</span> <span class='ocrx_word' id='word_1_187' title='bbox 878 2339 1019 2386; x_wconf 90' lang='lat' dir='ltr'>totius</span> <span class='ocrx_word' id='word_1_188' title='bbox 1059 2338 1265 2399; x_wconf 88' lang='lat' dir='ltr'>regionis</span> <span class='ocrx_word' id='word_1_189' title='bbox 1302 2338 1624 2400; x_wconf 88' lang='lat' dir='ltr'>metropolim,</span> 
     </span>
     <span class='ocr_line' id='line_1_27' title="bbox 139 2418 1623 2481; baseline 0.002 -17"><span class='ocrx_word' id='word_1_190' title='bbox 139 2418 340 2466; x_wconf 87' lang='lat' dir='ltr'>stetisse.</span> <span class='ocrx_word' id='word_1_191' title='bbox 364 2418 479 2470; x_wconf 84' lang='lat' dir='ltr'>Quae</span> <span class='ocrx_word' id='word_1_192' title='bbox 496 2419 662 2466; x_wconf 87' lang='lat' dir='ltr'>civitas</span> <span class='ocrx_word' id='word_1_193' title='bbox 683 2419 872 2481; x_wconf 90' lang='lat' dir='ltr'>Opusne</span> <span class='ocrx_word' id='word_1_194' title='bbox 889 2428 1029 2480; x_wconf 91' lang='lat' dir='ltr'>esset,</span> <span class='ocrx_word' id='word_1_195' title='bbox 1053 2435 1132 2479; x_wconf 88' lang='lat' dir='ltr'>an,</span> <span class='ocrx_word' id='word_1_196' title='bbox 1156 2427 1207 2467; x_wconf 90' lang='lat' dir='ltr'>ut</span> <span class='ocrx_word' id='word_1_197' title='bbox 1233 2427 1393 2467; x_wconf 91' lang='lat' dir='ltr'>censet</span> <span class='ocrx_word' id='word_1_198' title='bbox 1408 2420 1623 2479; x_wconf 87' lang='lat' dir='ltr'>Bursian,</span> 
     </span>
    </p>
   </div>
   <div class='ocr_carea' id='block_1_7' title="bbox 179 2583 982 2806">
    <p class='ocr_par' dir='ltr' id='par_1_8' title="bbox 181 2583 698 2629">
     <span class='ocr_line' id='line_1_28' title="bbox 181 2583 698 2629; baseline 0.006 -12"><span class='ocrx_word' id='word_1_199' title='bbox 181 2583 226 2627; x_wconf 90' lang='lat'>(1)</span> <span class='ocrx_word' id='word_1_200' title='bbox 252 2585 312 2627; x_wconf 80' lang='lat' dir='ltr'>Op.</span> <span class='ocrx_word' id='word_1_201' title='bbox 331 2585 403 2626; x_wconf 60' lang='lat' dir='ltr'>cit„</span> <span class='ocrx_word' id='word_1_202' title='bbox 419 2585 471 2626; x_wconf 77' lang='lat'>11,</span> <span class='ocrx_word' id='word_1_203' title='bbox 489 2595 524 2628; x_wconf 90' lang='lat' dir='ltr'>p.</span> <span class='ocrx_word' id='word_1_204' title='bbox 549 2586 605 2620; x_wconf 83' lang='lat'>173</span> <span class='ocrx_word' id='word_1_205' title='bbox 624 2596 698 2629; x_wconf 89' lang='lat' dir='ltr'>sqq.</span> 
     </span>
    </p>

    <p class='ocr_par' dir='ltr' id='par_1_9' title="bbox 179 2643 982 2746">
     <span class='ocr_line' id='line_1_29' title="bbox 179 2643 982 2690; baseline 0.007 -14"><span class='ocrx_word' id='word_1_206' title='bbox 179 2643 225 2686; x_wconf 78' lang='lat'>(2)</span> <span class='ocrx_word' id='word_1_207' title='bbox 243 2643 332 2677; x_wconf 84' lang='lat' dir='ltr'>Bull.</span> <span class='ocrx_word' id='word_1_208' title='bbox 353 2645 392 2677; x_wconf 85' lang='lat' dir='ltr'>de</span> <span class='ocrx_word' id='word_1_209' title='bbox 410 2653 496 2678; x_wconf 76' lang='lat' dir='ltr'>corr.</span> <span class='ocrx_word' id='word_1_210' title='bbox 520 2645 654 2686; x_wconf 64' lang='lat' dir='ltr'>hellen„</span> <span class='ocrx_word' id='word_1_211' title='bbox 677 2646 722 2687; x_wconf 95' lang='lat' dir='ltr'>II,</span> <span class='ocrx_word' id='word_1_212' title='bbox 740 2657 775 2690; x_wconf 89' lang='lat' dir='ltr'>p.</span> <span class='ocrx_word' id='word_1_213' title='bbox 795 2647 868 2687; x_wconf 85' lang='lat'>588,</span> <span class='ocrx_word' id='word_1_214' title='bbox 894 2658 929 2681; x_wconf 92' lang='lat' dir='ltr'>n.</span> <span class='ocrx_word' id='word_1_215' title='bbox 949 2648 982 2682; x_wconf 81' lang='lat'>6.</span> 
     </span>
     <span class='ocr_line' id='line_1_30' title="bbox 179 2701 599 2746; baseline 0.007 -12"><span class='ocrx_word' id='word_1_216' title='bbox 179 2701 225 2743; x_wconf 89' lang='grc'>(3)</span> <span class='ocrx_word' id='word_1_217' title='bbox 244 2702 304 2744; x_wconf 87' lang='lat' dir='ltr'>Op.</span> <span class='ocrx_word' id='word_1_218' title='bbox 325 2703 396 2740; x_wconf 78' lang='lat' dir='ltr'>cit..</span> <span class='ocrx_word' id='word_1_219' title='bbox 417 2704 444 2743; x_wconf 86' lang='grc' dir='ltr'>Ι,</span> <span class='ocrx_word' id='word_1_220' title='bbox 468 2713 502 2746; x_wconf 90' lang='lat' dir='ltr'>p.</span> <span class='ocrx_word' id='word_1_221' title='bbox 530 2703 599 2737; x_wconf 86' lang='lat'>191.</span> 
     </span>
    </p>

    <p class='ocr_par' dir='ltr' id='par_1_10' title="bbox 180 2758 746 2806">
     <span class='ocr_line' id='line_1_31' title="bbox 180 2758 746 2806; baseline 0.007 -12"><span class='ocrx_word' id='word_1_222' title='bbox 180 2758 229 2803; x_wconf 82' lang='lat'>(4)</span> <span class='ocrx_word' id='word_1_223' title='bbox 245 2759 293 2796; x_wconf 79' lang='lat' dir='ltr'>V.</span> <span class='ocrx_word' id='word_1_224' title='bbox 312 2761 555 2803; x_wconf 75' lang='grc' dir='ltr'><strong>Ἀθήναιον,</strong></span> <span class='ocrx_word' id='word_1_225' title='bbox 575 2764 602 2804; x_wconf 85' lang='grc' dir='ltr'>Ι,</span> <span class='ocrx_word' id='word_1_226' title='bbox 621 2774 654 2806; x_wconf 90' lang='lat' dir='ltr'>p.</span> <span class='ocrx_word' id='word_1_227' title='bbox 674 2764 746 2798; x_wconf 84' lang='lat'>485.</span> 
     </span>
    </p>
   </div>
  </div>
 </body>
</html>
