<?xml version="1.0" encoding="UTF-8"?>
<!DOCTYPE html PUBLIC "-//W3C//DTD XHTML 1.0 Transitional//EN"
    "http://www.w3.org/TR/xhtml1/DTD/xhtml1-transitional.dtd">
<html xmlns="http://www.w3.org/1999/xhtml" xml:lang="en" lang="en">
 <head>
  <title>
</title>
<meta http-equiv="Content-Type" content="text/html;charset=utf-8" />
  <meta name='ocr-system' content='tesseract 3.04.00' />
  <meta name='ocr-capabilities' content='ocr_page ocr_carea ocr_par ocr_line ocrx_word'/>
</head>
<body>
  <div class='ocr_page' id='page_1' title='image "./delocrisopuntiis00gira_0061.png"; bbox 0 0 1916 3198; ppageno 0'>
   <div class='ocr_carea' id='block_1_1' title="bbox 0 0 43 2290">
    <p class='ocr_par' dir='ltr' id='par_1_1' title="bbox 0 0 43 2290">
     <span class='ocr_line' id='line_1_1' title="bbox 0 0 43 2290; baseline 0 0"><span class='ocrx_word' id='word_1_1' title='bbox 0 0 43 2290; x_wconf 95' lang='lat' dir='ltr'> </span> 
     </span>
    </p>
   </div>
   <div class='ocr_carea' id='block_1_2' title="bbox 635 164 1630 207">
    <p class='ocr_par' dir='ltr' id='par_1_2' title="bbox 635 164 1630 207">
     <span class='ocr_line' id='line_1_2' title="bbox 635 164 1630 207; baseline -0.003 0"><span class='ocrx_word' id='word_1_2' title='bbox 635 176 830 207; x_wconf 76' lang='lat' dir='ltr'>nnffloms</span> <span class='ocrx_word' id='word_1_3' title='bbox 858 176 1122 207; x_wconf 69' lang='lat' dir='ltr'>nssscmpwo.</span> <span class='ocrx_word' id='word_1_4' title='bbox 1580 164 1630 205; x_wconf 86' lang='lat'>45</span> 
     </span>
    </p>
   </div>
   <div class='ocr_carea' id='block_1_3' title="bbox 144 253 1633 565">
    <p class='ocr_par' dir='ltr' id='par_1_3' title="bbox 145 253 1630 402">
     <span class='ocr_line' id='line_1_3' title="bbox 208 253 1630 316; baseline -0.001 -14"><span class='ocrx_word' id='word_1_5' title='bbox 208 255 293 302; x_wconf 84' lang='lat' dir='ltr'>Hic</span> <span class='ocrx_word' id='word_1_6' title='bbox 317 260 473 302; x_wconf 81' lang='lat' dir='ltr'>autem</span> <span class='ocrx_word' id='word_1_7' title='bbox 501 254 662 301; x_wconf 83' lang='lat' dir='ltr'>titulus</span> <span class='ocrx_word' id='word_1_8' title='bbox 690 254 818 301; x_wconf 87' lang='lat' dir='ltr'>haud</span> <span class='ocrx_word' id='word_1_9' title='bbox 846 254 1007 316; x_wconf 84' lang='lat' dir='ltr'>procul</span> <span class='ocrx_word' id='word_1_10' title='bbox 1034 254 1095 301; x_wconf 87' lang='lat' dir='ltr'>ab</span> <span class='ocrx_word' id='word_1_11' title='bbox 1125 254 1264 313; x_wconf 88' lang='lat' dir='ltr'>urbe,</span> <span class='ocrx_word' id='word_1_12' title='bbox 1295 253 1417 301; x_wconf 86' lang='lat' dir='ltr'>inter</span> <span class='ocrx_word' id='word_1_13' title='bbox 1443 254 1630 313; x_wconf 76' lang='lat' dir='ltr'>vineta,</span> 
     </span>
     <span class='ocr_line' id='line_1_4' title="bbox 145 344 473 402; baseline -0.006 -16"><span class='ocrx_word' id='word_1_14' title='bbox 145 344 358 402; x_wconf 81' lang='lat' dir='ltr'>repertus</span> <span class='ocrx_word' id='word_1_15' title='bbox 385 344 473 385; x_wconf 78' lang='lat' dir='ltr'>est.</span> 
     </span>
    </p>

    <p class='ocr_par' dir='ltr' id='par_1_4' title="bbox 144 419 1633 565">
     <span class='ocr_line' id='line_1_5' title="bbox 209 419 1633 483; baseline 0 -15"><span class='ocrx_word' id='word_1_16' title='bbox 209 419 331 468; x_wconf 84' lang='lat' dir='ltr'><strong>Ante</strong></span> <span class='ocrx_word' id='word_1_17' title='bbox 361 421 552 468; x_wconf 91' lang='lat' dir='ltr'>domum</span> <span class='ocrx_word' id='word_1_18' title='bbox 578 420 742 479; x_wconf 83' lang='lat' dir='ltr'>aliam,</span> <span class='ocrx_word' id='word_1_19' title='bbox 770 421 816 466; x_wconf 90' lang='lat' dir='ltr'>in</span> <span class='ocrx_word' id='word_1_20' title='bbox 847 420 1003 467; x_wconf 82' lang='lat' dir='ltr'>tabula</span> <span class='ocrx_word' id='word_1_21' title='bbox 1034 420 1176 483; x_wconf 85' lang='lat' dir='ltr'>priori</span> <span class='ocrx_word' id='word_1_22' title='bbox 1203 420 1371 479; x_wconf 82' lang='lat' dir='ltr'>simili,</span> <span class='ocrx_word' id='word_1_23' title='bbox 1401 426 1545 482; x_wconf 77' lang='lat' dir='ltr'>atque</span> <span class='ocrx_word' id='word_1_24' title='bbox 1572 434 1633 468; x_wconf 84' lang='lat' dir='ltr'>ex</span> 
     </span>
     <span class='ocr_line' id='line_1_6' title="bbox 144 502 900 565; baseline -0.001 -15"><span class='ocrx_word' id='word_1_25' title='bbox 144 503 310 551; x_wconf 90' lang='lat' dir='ltr'>eodem</span> <span class='ocrx_word' id='word_1_26' title='bbox 335 502 438 551; x_wconf 85' lang='lat' dir='ltr'>loco</span> <span class='ocrx_word' id='word_1_27' title='bbox 465 502 774 564; x_wconf 82' lang='lat' dir='ltr'>proveniente</span> <span class='ocrx_word' id='word_1_28' title='bbox 799 502 861 565; x_wconf 75' lang='grc'>(1)</span> <span class='ocrx_word' id='word_1_29' title='bbox 890 520 900 549; x_wconf 91' lang='lat'><strong>:</strong></span> 
     </span>
    </p>
   </div>
   <div class='ocr_carea' id='block_1_4' title="bbox 535 659 1216 819">
    <p class='ocr_par' dir='ltr' id='par_1_5' title="bbox 535 659 1216 819">
     <span class='ocr_line' id='line_1_7' title="bbox 535 659 1216 819; baseline 0.015 -78"><span class='ocrx_word' id='word_1_30' title='bbox 535 659 667 819; x_wconf 45' lang='lat' dir='ltr'>qv</span> <span class='ocrx_word' id='word_1_31' title='bbox 734 664 1216 752; x_wconf 46' lang='lat' dir='ltr'>vemſsw</span> 
     </span>
    </p>
   </div>
   <div class='ocr_carea' id='block_1_5' title="bbox 529 792 1223 1192">
    <p class='ocr_par' dir='ltr' id='par_1_6' title="bbox 1163 792 1222 845">
     <span class='ocr_line' id='line_1_8' title="bbox 1163 792 1222 845; baseline 0 -17"><span class='ocrx_word' id='word_1_32' title='bbox 1163 792 1222 845; x_wconf 61' lang='lat' dir='ltr'>-q</span> 
     </span>
    </p>

    <p class='ocr_par' dir='ltr' id='par_1_7' title="bbox 530 901 1219 952">
     <span class='ocr_line' id='line_1_9' title="bbox 530 901 1219 952; baseline -0.007 0"><span class='ocrx_word' id='word_1_33' title='bbox 530 903 605 952; x_wconf 80' lang='lat' dir='ltr'>O</span> <span class='ocrx_word' id='word_1_34' title='bbox 1159 901 1219 947; x_wconf 70' lang='grc' dir='ltr'>Ο</span> 
     </span>
    </p>

    <p class='ocr_par' dir='ltr' id='par_1_8' title="bbox 529 1002 1223 1192">
     <span class='ocr_line' id='line_1_10' title="bbox 529 1002 1223 1088; baseline -0.001 -42"><span class='ocrx_word' id='word_1_35' title='bbox 529 1031 617 1088; x_wconf 56' lang='lat'>[-</span> <span class='ocrx_word' id='word_1_36' title='bbox 1131 1002 1223 1045; x_wconf 61' lang='grc' dir='ltr'>ΧΑ</span> 
     </span>
     <span class='ocr_line' id='line_1_11' title="bbox 724 1124 1060 1192; baseline 0.003 -18"><span class='ocrx_word' id='word_1_37' title='bbox 724 1124 1060 1192; x_wconf 75' lang='grc' dir='ltr'>Πολυδάμαντος.</span> 
     </span>
    </p>
   </div>
   <div class='ocr_carea' id='block_1_6' title="bbox 154 1247 1645 1379">
    <p class='ocr_par' dir='ltr' id='par_1_9' title="bbox 154 1247 1645 1379">
     <span class='ocr_line' id='line_1_12' title="bbox 215 1247 1645 1310; baseline 0.003 -17"><span class='ocrx_word' id='word_1_38' title='bbox 215 1247 266 1294; x_wconf 93' lang='lat' dir='ltr'>In</span> <span class='ocrx_word' id='word_1_39' title='bbox 299 1248 440 1295; x_wconf 89' lang='lat' dir='ltr'>domo</span> <span class='ocrx_word' id='word_1_40' title='bbox 480 1247 708 1310; x_wconf 85' lang='lat' dir='ltr'>quadam,</span> <span class='ocrx_word' id='word_1_41' title='bbox 746 1261 1006 1295; x_wconf 83' lang='lat' dir='ltr'>marmorea</span> <span class='ocrx_word' id='word_1_42' title='bbox 1044 1249 1171 1296; x_wconf 85' lang='lat' dir='ltr'>basis</span> <span class='ocrx_word' id='word_1_43' title='bbox 1208 1264 1235 1297; x_wconf 91' lang='lat' dir='ltr'>e</span> <span class='ocrx_word' id='word_1_44' title='bbox 1267 1250 1455 1299; x_wconf 82' lang='lat' dir='ltr'>deserto</span> <span class='ocrx_word' id='word_1_45' title='bbox 1492 1252 1645 1299; x_wconf 76' lang='lat' dir='ltr'>Sancti</span> 
     </span>
     <span class='ocr_line' id='line_1_13' title="bbox 154 1330 876 1379; baseline 0.004 -4"><span class='ocrx_word' id='word_1_46' title='bbox 154 1330 413 1378; x_wconf 77' lang='lat' dir='ltr'>Tamiarchis</span> <span class='ocrx_word' id='word_1_47' title='bbox 436 1331 608 1378; x_wconf 83' lang='lat' dir='ltr'>sacello</span> <span class='ocrx_word' id='word_1_48' title='bbox 635 1330 876 1379; x_wconf 82' lang='lat' dir='ltr'>translata.</span> 
     </span>
    </p>
   </div>
   <div class='ocr_carea' id='block_1_7' title="bbox 6 1521 1652 2305">
    <p class='ocr_par' dir='ltr' id='par_1_10' title="bbox 366 1521 1410 1850">
     <span class='ocr_line' id='line_1_14' title="bbox 366 1521 1354 1575; baseline -0.005 -9"><span class='ocrx_word' id='word_1_49' title='bbox 366 1525 586 1567; x_wconf 84' lang='grc' dir='ltr'>ΑΡΕΤΗΣ</span> <span class='ocrx_word' id='word_1_50' title='bbox 621 1525 719 1566; x_wconf 86' lang='grc' dir='ltr'>ΕΝΕ</span> <span class='ocrx_word' id='word_1_51' title='bbox 1131 1523 1254 1575; x_wconf 74' lang='grc' dir='ltr'>ἀρετῆς</span> <span class='ocrx_word' id='word_1_52' title='bbox 1278 1521 1354 1561; x_wconf 77' lang='grc' dir='ltr'>ἕνε-</span> 
     </span>
     <span class='ocr_line' id='line_1_15' title="bbox 371 1593 1410 1652; baseline -0.004 -16"><span class='ocrx_word' id='word_1_53' title='bbox 371 1594 471 1636; x_wconf 89' lang='grc' dir='ltr'>ΚΕΝ</span> <span class='ocrx_word' id='word_1_54' title='bbox 506 1595 748 1636; x_wconf 88' lang='grc' dir='ltr'>ΕΠΙΜΕΛΗ</span> <span class='ocrx_word' id='word_1_55' title='bbox 771 1644 778 1652; x_wconf 30' lang='grc' dir='ltr'>α</span> <span class='ocrx_word' id='word_1_56' title='bbox 1130 1607 1210 1640; x_wconf 85' lang='grc' dir='ltr'>κεν,</span> <span class='ocrx_word' id='word_1_57' title='bbox 1236 1593 1410 1643; x_wconf 81' lang='grc' dir='ltr'>ἐπιμελη-</span> 
     </span>
     <span class='ocr_line' id='line_1_16' title="bbox 366 1661 1329 1710; baseline -0.009 -2"><span class='ocrx_word' id='word_1_58' title='bbox 366 1665 599 1708; x_wconf 86' lang='grc' dir='ltr'>ΘΕΝΤΟΣ</span> <span class='ocrx_word' id='word_1_59' title='bbox 633 1666 747 1707; x_wconf 83' lang='grc' dir='ltr'>ΤΗΣ</span> <span class='ocrx_word' id='word_1_60' title='bbox 1135 1661 1249 1706; x_wconf 82' lang='grc' dir='ltr'><strong>θέντος</strong></span> <span class='ocrx_word' id='word_1_61' title='bbox 1267 1667 1329 1710; x_wconf 76' lang='grc' dir='ltr'>τῆς</span> 
     </span>
     <span class='ocr_line' id='line_1_17' title="bbox 370 1737 1354 1782; baseline -0.007 -3"><span class='ocrx_word' id='word_1_62' title='bbox 370 1737 741 1779; x_wconf 79' lang='grc' dir='ltr'>ΚΑΤΑΣΚΕΥΗΣ</span> <span class='ocrx_word' id='word_1_63' title='bbox 1135 1737 1354 1782; x_wconf 76' lang='grc' dir='ltr'>κατασκευῆς</span> 
     </span>
     <span class='ocr_line' id='line_1_18' title="bbox 370 1805 1382 1850; baseline -0.004 -2"><span class='ocrx_word' id='word_1_64' title='bbox 370 1808 435 1850; x_wconf 87' lang='grc' dir='ltr'>ΕΚ</span> <span class='ocrx_word' id='word_1_65' title='bbox 467 1807 588 1849; x_wconf 84' lang='grc' dir='ltr'>ΤΩΝ</span> <span class='ocrx_word' id='word_1_66' title='bbox 622 1807 777 1850; x_wconf 82' lang='grc' dir='ltr'>ΙΔΙΩΝ</span> <span class='ocrx_word' id='word_1_67' title='bbox 1138 1805 1177 1843; x_wconf 81' lang='grc' dir='ltr'>ἐκ</span> <span class='ocrx_word' id='word_1_68' title='bbox 1196 1810 1266 1843; x_wconf 84' lang='grc' dir='ltr'>τῶν</span> <span class='ocrx_word' id='word_1_69' title='bbox 1287 1805 1382 1844; x_wconf 83' lang='grc' dir='ltr'>ἰδίων</span> 
     </span>
    </p>

    <p class='ocr_par' dir='ltr' id='par_1_11' title="bbox 421 1875 1338 1929">
     <span class='ocr_line' id='line_1_19' title="bbox 421 1875 1338 1929; baseline -0.007 -7"><span class='ocrx_word' id='word_1_70' title='bbox 421 1878 691 1922; x_wconf 76' lang='grc' dir='ltr'>ΔΟΡΙΛΙΟΥ</span> <span class='ocrx_word' id='word_1_71' title='bbox 1164 1875 1338 1929; x_wconf 83' lang='grc' dir='ltr'>Δοριλίου.</span> 
     </span>
    </p>

    <p class='ocr_par' dir='ltr' id='par_1_12' title="bbox 6 1982 1652 2305">
     <span class='ocr_line' id='line_1_20' title="bbox 223 1982 1652 2048; baseline 0.003 -18"><span class='ocrx_word' id='word_1_72' title='bbox 223 1985 272 2030; x_wconf 95' lang='lat' dir='ltr'>In</span> <span class='ocrx_word' id='word_1_73' title='bbox 325 1982 616 2042; x_wconf 75' lang='grc' dir='ltr'>Ἑλληνικῷ</span> <span class='ocrx_word' id='word_1_74' title='bbox 660 1986 924 2046; x_wconf 80' lang='grc' dir='ltr'><strong>Σχολείῳ,</strong></span> <span class='ocrx_word' id='word_1_75' title='bbox 963 1998 1224 2033; x_wconf 84' lang='lat' dir='ltr'>marmorea</span> <span class='ocrx_word' id='word_1_76' title='bbox 1263 1986 1419 2033; x_wconf 79' lang='lat' dir='ltr'>tabula</span> <span class='ocrx_word' id='word_1_77' title='bbox 1465 1986 1652 2048; x_wconf 79' lang='lat' dir='ltr'>fastigio</span> 
     </span>
     <span class='ocr_line' id='line_1_21' title="bbox 6 2066 396 2116; baseline 0.008 -5"><span class='ocrx_word' id='word_1_78' title='bbox 6 2085 9 2100; x_wconf 82' lang='lat'>=</span> <span class='ocrx_word' id='word_1_79' title='bbox 87 2108 91 2112; x_wconf 90' lang='lat'>.</span> <span class='ocrx_word' id='word_1_80' title='bbox 159 2066 396 2116; x_wconf 75' lang='lat' dir='ltr'>decorata.</span> 
     </span>
     <span class='ocr_line' id='line_1_22' title="bbox 755 2187 1058 2234; baseline 0.003 -1"><span class='ocrx_word' id='word_1_81' title='bbox 755 2187 1058 2234; x_wconf 83' lang='grc' dir='ltr'>ΣΩΚΡΑΤΕΑ</span> 
     </span>
     <span class='ocr_line' id='line_1_23' title="bbox 825 2262 980 2305; baseline 0 -1"><span class='ocrx_word' id='word_1_82' title='bbox 825 2262 980 2305; x_wconf 85' lang='grc' dir='ltr'>ΧΑΙΡΕ</span> 
     </span>
    </p>
   </div>
   <div class='ocr_carea' id='block_1_8' title="bbox 228 2382 1207 2442">
    <p class='ocr_par' dir='ltr' id='par_1_13' title="bbox 228 2382 1207 2442">
     <span class='ocr_line' id='line_1_24' title="bbox 228 2382 1207 2442; baseline 0.001 -14"><span class='ocrx_word' id='word_1_83' title='bbox 228 2382 349 2430; x_wconf 84' lang='lat' dir='ltr'>Ante</span> <span class='ocrx_word' id='word_1_84' title='bbox 375 2382 594 2442; x_wconf 90' lang='lat' dir='ltr'>domum,</span> <span class='ocrx_word' id='word_1_85' title='bbox 627 2382 673 2428; x_wconf 93' lang='lat' dir='ltr'>in</span> <span class='ocrx_word' id='word_1_86' title='bbox 702 2382 859 2429; x_wconf 83' lang='lat' dir='ltr'><strong>tabula</strong></span> <span class='ocrx_word' id='word_1_87' title='bbox 886 2382 995 2430; x_wconf 88' lang='lat' dir='ltr'>huic</span> <span class='ocrx_word' id='word_1_88' title='bbox 1022 2383 1163 2430; x_wconf 90' lang='lat' dir='ltr'>simili</span> <span class='ocrx_word' id='word_1_89' title='bbox 1195 2399 1207 2430; x_wconf 71' lang='grc' dir='ltr'><strong>ι</strong></span> 
     </span>
    </p>
   </div>
   <div class='ocr_carea' id='block_1_9' title="bbox 806 2523 1023 2565">
    <p class='ocr_par' dir='ltr' id='par_1_14' title="bbox 806 2523 1023 2565">
     <span class='ocr_line' id='line_1_25' title="bbox 806 2523 1023 2565; baseline 0 0"><span class='ocrx_word' id='word_1_90' title='bbox 806 2523 1023 2565; x_wconf 86' lang='grc' dir='ltr'>ΜΕΝΝΕΑ</span> 
     </span>
    </p>
   </div>
   <div class='ocr_carea' id='block_1_10' title="bbox 207 2674 1081 2721">
    <p class='ocr_par' dir='ltr' id='par_1_15' title="bbox 207 2674 1081 2721">
     <span class='ocr_line' id='line_1_26' title="bbox 207 2674 1081 2721; baseline 0.001 -9"><span class='ocrx_word' id='word_1_91' title='bbox 207 2678 253 2720; x_wconf 88' lang='lat'>(1)</span> <span class='ocrx_word' id='word_1_92' title='bbox 276 2674 320 2712; x_wconf 80' lang='lat' dir='ltr'>v.</span> <span class='ocrx_word' id='word_1_93' title='bbox 342 2678 432 2712; x_wconf 71' lang='lat' dir='ltr'>nun.</span> <span class='ocrx_word' id='word_1_94' title='bbox 450 2678 490 2712; x_wconf 74' lang='lat' dir='ltr'>de</span> <span class='ocrx_word' id='word_1_95' title='bbox 505 2687 593 2713; x_wconf 76' lang='lat' dir='ltr'><strong><em>corr.</em></strong></span> <span class='ocrx_word' id='word_1_96' title='bbox 615 2677 751 2721; x_wconf 67' lang='lat' dir='ltr'>hellen„</span> <span class='ocrx_word' id='word_1_97' title='bbox 772 2678 820 2719; x_wconf 93' lang='lat'>11,</span> <span class='ocrx_word' id='word_1_98' title='bbox 841 2689 875 2721; x_wconf 84' lang='lat' dir='ltr'>p.</span> <span class='ocrx_word' id='word_1_99' title='bbox 897 2678 969 2719; x_wconf 84' lang='lat'>588,</span> <span class='ocrx_word' id='word_1_100' title='bbox 993 2689 1027 2712; x_wconf 82' lang='lat' dir='ltr'>n.</span> <span class='ocrx_word' id='word_1_101' title='bbox 1050 2679 1081 2713; x_wconf 76' lang='lat'>4.</span> 
     </span>
    </p>
   </div>
  </div>
 </body>
</html>
