1916 3198
326 221 348 261 6
841 232 894 260 ΒΕ
924 231 1070 261 Locrus
1098 232 1305 261 OPUNTHS.

325 311 565 359 Diomedis
584 347 596 368 ‚
622 311 867 358 Bistonum
894 311 1042 371 regis,
1073 311 1339 373 surripere,
1377 311 1632 373 Opuntium
1660 325 1820 372 quem·

326 394 433 440 dam
482 393 700 440 comitem
748 393 953 440 habebat
979 429 991 450 ,
1041 394 1230 440 nomine
1274 393 1515 441 Abderum
1540 431 1551 451 ‚
1600 393 1818 440 Mercurii

326 476 474 522 filium
492 493 502 522 :
522 476 603 537 qui
626 490 731 523 cum
754 477 967 538 equabus
985 476 1248 539 discerptus
1263 478 1496 540 periisset,
1521 478 1569 524 in
1588 477 1816 524 honorem

325 562 428 621 ejus
451 559 687 607 Abderam
715 560 927 607 condidit
953 559 1044 624 (l).
1071 560 1166 607 Nec
1193 561 1390 608 multum
1414 562 1577 608 aberat
1602 575 1630 606 a
1660 560 1818 608 Locris

324 643 440 691 OEta
466 644 545 690 illa
568 644 616 690 in
640 658 733 705 qua
753 644 978 691 Hercules
999 645 1232 691 effuderat
1250 645 1474 691 animam.
1502 645 1681 706 ltaque,
1708 658 1816 690 cum

326 729 435 789 igne
460 734 767 790 consumptus
790 734 887 785 est,
912 735 993 773 aut
1013 734 1260 789 postquam
1281 728 1462 790 Jupiter
1487 727 1687 774 flammis
1708 742 1815 774 eum

325 811 526 869 exemit,
580 818 630 857 ut
673 811 794 858 inter
840 811 1131 859 immortales
1172 811 1452 870 collocaret,
1503 811 1642 873 primi
1685 811 1816 857 illum

324 896 457 943 Locri
492 894 698 942 numinis
728 895 875 942 instar
904 896 1179 958 coluerunt,
1214 910 1268 942 ac
1300 895 1578 953 Menoetius,
1613 909 1816 956 quocum

324 978 528 1025 amicitia
540 977 735 1040 junctus
755 978 931 1037 fuerat,
957 979 1169 1025 solennia
1191 979 1282 1026 deo
1302 977 1530 1026 sacrificia
1554 979 1601 1024 in
1624 977 1818 1039 opuntia

323 1062 515 1109 civitate
558 1061 760 1107 instituit
799 1059 892 1123 (2).
937 1061 1072 1116 Quod
1112 1069 1357 1124 superest,
1403 1063 1450 1108 in
1489 1069 1586 1109 tota
1626 1061 1819 1122 regione

323 1144 534 1191 Herculis
569 1145 760 1205 vigebat
789 1145 1030 1192 memoria.
1067 1145 1279 1207 Namque
1306 1145 1463 1192 herois
1490 1159 1596 1192 cum
1629 1143 1820 1191 Trachi-

321 1228 400 1275 nio
426 1227 575 1290 Ceyce
598 1227 803 1274 amicitia
823 1264 834 1285 ‚
866 1228 1085 1288 bellaque
1117 1235 1247 1288 gesta
1275 1229 1507 1275 adversus
1534 1228 1744 1290 Dryopes
1772 1233 1820 1273 et

319 1311 525 1374 Cycnum
551 1317 598 1357 et
621 1311 895 1358 Diomedem
912 1347 925 1370 ,
957 1318 1054 1356 tum
1080 1311 1313 1359 OEchaliae
1339 1311 1628 1373 expugnatio
1654 1311 1821 1358 Locro-

323 1410 423 1441 rum
468 1393 586 1440 fines
628 1394 841 1440 Herculis
883 1395 1074 1441 nomine
1120 1395 1340 1456 famaque
1381 1394 1696 1456 impleverant
1736 1394 1816 1456 (3).

322 1477 468 1536 Quin,
496 1485 541 1524 et
567 1486 729 1524 contra
757 1477 884 1524 littus
909 1478 1182 1540 opuntium‚
1211 1478 1257 1524 in
1279 1478 1456 1525 Euboea
1479 1478 1649 1535 insula,
1676 1492 1821 1540 prope

322 1562 596 1623 AEdepsrrm,
623 1576 779 1608 nonne
796 1562 915 1608 vidit
931 1562 1100 1608 Strabo
1119 1562 1297 1609 calidos
1319 1563 1470 1610 fontes
1492 1561 1704 1626 Herculis
1725 1561 1821 1608 bal-

322 1660 410 1692 nea
436 1646 495 1692 ab
521 1645 686 1692 incolis
715 1645 803 1691 loci
835 1645 985 1692 dictos
1016 1644 1114 1705 (4)‘?
1139 1645 1227 1699 Qui
1258 1646 1397 1692 etiam
1429 1660 1553 1692 nunc
1582 1651 1747 1692 extant
1774 1652 1822 1691 et

322 1730 536 1776 salubres
564 1728 714 1776 undas
737 1728 877 1788 aegris
904 1728 1225 1790 suppeditant.

387 1812 521 1867 Quod
551 1813 618 1870 si,
648 1812 835 1859 omissis
860 1811 1201 1873 antiquissimis
1229 1811 1321 1857 illis
1350 1812 1550 1870 tabulis,
1581 1812 1639 1858 ad
1678 1813 1821 1872 troja·

324 1908 429 1941 nam
464 1894 814 1956 expeditionem
846 1894 1088 1940 transieris
1110 1930 1121 1950 ‚
1149 1901 1194 1940 et
1221 1894 1295 1940 bic
1321 1893 1550 1956 Opuntios
1579 1895 1818 1943 invenies.

323 1979 438 2024 Nam
480 1978 712 2040 Opuntius
750 1985 851 2024 erat
888 1978 1147 2026 Patroclus.
1191 1978 1332 2038 Cujus
1371 1984 1501 2040 pater
1539 1979 1819 2043 Menoetius,

323 2062 507 2108 Actoris
534 2061 656 2107 filius
681 2055 954 2123 lasonisque
982 2076 1140 2109 comes
1165 2060 1265 2124 (5),
1296 2062 1467 2109 multos
1492 2075 1645 2110 annos
1673 2062 1823 2125 prius-

324 2159 462 2207 quam
507 2145 794 2191 indiceretur
836 2145 1019 2192 Priamo
1064 2145 1237 2191 bellum
1256 2182 1267 2202 ,
1310 2145 1544 2207 Opuntem
1587 2145 1821 2207 migrave-

325 2237 395 2276 rat
419 2227 511 2291 (6).
542 2228 609 2275 Ex
628 2227 813 2291 Opunte
838 2228 980 2289 igitur
1007 2228 1246 2276 Patroclus
1271 2229 1578 2289 adolescens,
1601 2243 1707 2276 cum
1737 2229 1822 2276 im-

366 2390 411 2431 (1)
431 2390 609 2433 ΑροῐΙυᾰ..
633 2390 678 2431 11,
701 2391 732 2431 5,
751 2394 781 2423 8.

368 2450 414 2490 (⁴2)
436 2449 535 2482 Diod.
560 2448 644 2488 Sic..
666 2448 727 2489 IV,
751 2449 801 2487 30.
824 2450 851 2482 l.

366 2511 410 2551 (3)
433 2509 484 2542 Cr.
502 2536 508 2549 ,
532 2510 574 2543 do
592 2510 719 2543 sabulis
738 2510 780 2542 ud
802 2509 987 2543 Herculem
1006 2510 1262 2553 pertinentibus
1280 2519 1358 2553 qum
1379 2510 1415 2543 ln
1438 2510 1527 2544 OEta
1547 2510 1745 2553 vicinisque.
1765 2521 1824 2545 re-

325 2571 489 2610 gionibns
508 2570 706 2603 insorumtae
726 2577 819 2609 sunt.
842 2570 983 2609 l’reller,
1006 2581 1059 2613 ορ.
1082 2571 1152 2609 cit..
1179 2570 1210 2604 11
1230 2570 1352 2612 (1875),
1379 2581 1411 2613 p.
1430 2570 1493 2603 246
1507 2579 1582 2612 sqq.

365 2630 411 2670 (4)
430 2629 558 2669 strab„
581 2630 642 2671 lX,
659 2629 729 2663 425.
751 2629 802 2664 Cf.
826 2631 959 2664 slmiles
974 2630 1018 2663 ml
1036 2629 1291 2672 Thermopylas
1307 2631 1435 2670 sontes,
1463 2629 1526 2666 [X.
1551 2629 1621 2662 428.

367 2688 606 2730 (5)Ap‹›1t‹›‹1.,
629 2689 662 2728 l,
684 2691 721 2728 9,
747 2689 794 2722 Ῑῦ.

371 2748 414 2788 (6)
436 2747 553 2780 Senot.
578 2749 611 2781 in
633 2749 684 2786 ll..
710 2747 811 2790 XVl‚
839 2748 886 2785 Μ.
908 2748 963 2781 od.
990 2748 1136 2788 Bckkor,
1156 2748 1324 2789 Borotini,
1349 2748 1438 2782 1825.
