1916 3198
1820 56 1830 64 ι
1858 47 1866 54 ,,

1877 85 1894 102 ,Ἣ

1905 171 1916 203 Ἰ.

367 283 416 323 56
886 292 938 321 m:
966 291 1113 322 Locrus
1141 291 1353 323 opmrrns.

429 372 564 427 Quod
591 371 630 417 si
655 371 712 417 ad
735 371 850 417 alias
875 371 1055 418 fabulas
1080 372 1338 429 transieriS‚
1365 386 1425 419 ex
1453 371 1526 418 his
1550 385 1740 433 quoque
1762 371 1859 418 cul·
1910 370 1916 436 J

367 462 440 502 tus
461 461 595 502 natos
613 469 718 501 esse
737 469 982 516 agnosces,
1010 455 1085 502 Sic
1104 455 1351 502 Herculem
1371 455 1674 516 singulariter
1690 454 1858 517 Opun-

366 538 416 584 tii
445 538 811 585 venerabantur.
843 538 976 583 Illum
1000 538 1124 584 enim
1152 539 1359 585 vidimus
1381 538 1427 584 in
1450 538 1581 585 OEtae
1605 538 1812 585 culmine
1833 552 1863 586 e

366 621 564 668 flammis
587 621 646 667 ab
672 621 788 668 Jove
809 621 954 668 fuisse
975 627 1188 682 ereptum
1210 620 1303 684 (1).
1334 621 1448 668 Inde
1470 621 1748 678 Menoetius,
1775 620 1861 682 qui

363 720 469 752 cum
501 720 559 751 eo
585 705 790 751 amicitia
816 712 916 751 erat
940 705 1245 765 conjunctus,
1273 705 1469 752 solenne
1495 704 1541 750 in
1577 705 1679 764 ejus
1706 703 1860 752 hono·

366 803 461 835 rem
489 786 768 835 sacrificium
789 787 975 850 Opunte
999 787 1133 846 fecit3
1160 803 1324 849 aprum
1357 782 1579 834 mactavit
1602 794 1649 834 et
1670 793 1859 834 taurum

364 880 411 918 et
435 871 628 917 arietem
648 907 660 928 ‚
691 885 776 918 nec
801 878 962 932 postea
989 871 1180 932 Opuntii
1205 885 1362 918 sacras
1385 870 1682 918 caerimonias
1707 870 1756 916 in
1781 869 1861 917 he·

363 955 457 1002 rois
485 954 757 1001 memoriam
786 954 1026 1001 celebrare
1053 954 1298 1001 desierunt
1320 951 1414 1017 (2).
1910 946 1916 1016 η’

429 1038 519 1085 Sed
556 1038 614 1084 ad
652 1038 819 1098 trojani
854 1037 964 1084 belli
1001 1046 1210 1099 tempora
1246 1038 1342 1098 jam
1383 1037 1735 1100 perveniamus.
1765 1036 1863 1085 Etsi
1911 1031 1916 1071 ἶ

363 1121 557 1168 Patrocli
586 1122 632 1166 in
655 1121 747 1167 illis
773 1121 1047 1180 regionibus
1068 1135 1256 1182 semper
1277 1121 1430 1181 viguit
1458 1121 1681 1168 memoria
1700 1156 1712 1179 ‚
1742 1135 1861 1167 nun·
1903 1111 1916 1175 ἑ

362 1219 503 1265 quam
541 1204 679 1251 heros
718 1218 800 1265 pro
828 1204 918 1251 deo
946 1204 1133 1250 habitus
1161 1211 1246 1251 est.
1287 1203 1348 1250 At
1382 1204 1508 1251 illius
1545 1204 1862 1251 adolescentis

363 1302 533 1334 nomen
562 1287 828 1346 colebatur,
859 1302 998 1348 quem
1028 1288 1352 1349 imprudenter
1379 1287 1642 1345 occiderat,
1669 1301 1862 1349 quoque

364 1373 549 1430 occiso,
595 1372 652 1417 ad
697 1372 832 1417 Pelea
872 1372 1165 1432 confugerat.
1219 1371 1300 1418 Hic
1334 1378 1520 1429 autem,
1549 1371 1864 1434 Clysonymus
1912 1382 1916 1430 ¹:

364 1456 422 1501 ab
457 1454 747 1517 Apollodoro
779 1455 932 1502 dictus
957 1453 1057 1518 (3),
1098 1456 1266 1502 AEanes
1300 1470 1326 1502 a
1355 1455 1587 1502 Strabone
1623 1462 1819 1503 vocatur
1849 1472 1859 1501 ε
1911 1463 1916 1507 i

364 1538 489 1585 unde
513 1539 678 1585 videre
702 1545 803 1585 erat
828 1538 1016 1600 Opunte
1041 1541 1206 1602 τέμενος
1229 1538 1467 1600 quoddam
1496 1539 1679 1585 Αίοὶνειον
1707 1539 1863 1602 appel·
1900 1523 1916 1606 ξ

363 1622 505 1668 latum
532 1628 886 1683 scatentemque
918 1622 1091 1668 undam
1121 1637 1228 1684 quae
1255 1622 1499 1669 dicebatur
1524 1624 1663 1675 Λίανίς
1686 1620 1780 1686 (4).

426 1705 538 1751 Cum
587 1706 764 1766 trojana
808 1720 998 1767 quoque
1035 1705 1340 1767 expeditione
1371 1706 1674 1767 conjungitur
1706 1704 1862 1767 Ajacis
1903 1720 1916 1750 ¹.

362 1789 516 1836 cultus
533 1825 543 1844 ‚
568 1789 648 1850 qui
677 1789 801 1851 apud
826 1788 1056 1850 Opuntios
1076 1789 1190 1835 satis
1219 1789 1456 1850 popularis
1481 1788 1626 1836 luisse
1649 1789 1857 1838 videtur.
1900 1806 1916 1858 3¹

363 1873 421 1920 Ut
465 1873 588 1919 enim
632 1873 750 1919 alter
794 1873 912 1933 AJ'ax
932 1909 942 1928 ‚
991 1873 1258 1919 Telamonis
1302 1871 1423 1919 filius
1444 1909 1456 1931 ,
1498 1872 1859 1920 Salaminiorum
1906 1866 1916 1934 i

362 1956 496 2017 quasi
528 1964 751 2017 patronus
778 1963 900 2011 erat,
933 1956 994 2002 ita
1023 1955 1140 2002 Oilei
1172 1955 1295 2002 filius
1319 1955 1630 2018 Opuntiorum
1654 1963 1754 2003 erat
1782 1970 1862 2018 pa·
1900 1933 1916 2012 Ξ

365 2046 526 2085 tronus
554 2046 599 2085 et
625 2045 800 2085 custos
831 2038 905 2085 Sic
933 2038 1163 2085 Pindarus
1184 2074 1194 2094 ,
1227 2038 1271 2084 in
1301 2038 1510 2085 carmine
1533 2038 1660 2100 quod
1687 2038 1862 2101 Ephar-

365 2129 516 2169 mosto
551 2122 756 2184 Opuntio
797 2122 1009 2183 scripsit,
1051 2136 1179 2168 aram
1210 2121 1365 2183 Ajacis
1396 2129 1650 2180 memorat,
1692 2123 1739 2168 in
1770 2135 1861 2184 qua
1894 2118 1916 2182 ’ἱ

363 2220 583 2253 eoronam
612 2205 785 2252 athleta
816 2206 1054 2253 victricem
1080 2206 1235 2267 posuit
1255 2204 1348 2269 (5).
1378 2205 1437 2252 At
1459 2205 1645 2268 Opunte
1669 2207 1862 2252 Αἰάντεια
1900 2188 1916 2202 '¹

1906 2073 1916 2109 aa.
1911 2051 1916 2068 -.
1912 2034 1916 2037 .

404 2385 448 2426 (l)
474 2383 518 2418 V.
536 2394 654 2427 supra,
674 2395 710 2427 p.
732 2387 765 2418 6.
1906 2362 1916 2399 ,q

405 2443 453 2486 (2)
471 2443 573 2478 Diod.
589 2443 681 2483 Sic..
708 2443 767 2483 IV,
788 2445 839 2482 39,
872 2445 898 2478 l.
929 2444 1097 2478 Hercules
1123 2449 1241 2478 autem
1269 2454 1330 2488 per
1360 2447 1468 2478 totam
1494 2446 1674 2487 regionem
1702 2445 1862 2489 populari
1903 2431 1916 2475 l

366 2505 459 2537 fama
491 2506 683 2537 fruebatur.
710 2503 747 2536 In
773 2513 866 2539 oereo
884 2506 977 2538 enim
997 2504 1087 2547 Cyni
1109 2515 1254 2538 nummo
1269 2508 1434 2548 apparet,
1454 2506 1566 2538 leonis
1584 2506 1675 2548 pello
1694 2505 1840 2539 indutus
1853 2529 1862 2546 ,
1896 2490 1916 2548 ξ’,

364 2564 488 2596 dextra
508 2563 685 2606 scyphum
705 2567 842 2597 tenens.
868 2563 908 2597 V.
932 2564 1049 2598 Bullet.
1071 2565 1165 2598 arch.
1192 2564 1338 2607 napolit.
1354 2590 1361 2604 ,
1385 2574 1465 2598 nov.
1486 2574 1554 2598 ser.
1572 2591 1577 2602 .
1599 2565 1701 2606 1858,
1720 2574 1753 2607 p.
1779 2563 1836 2599 108
1850 2587 1860 2605 ‚

367 2622 444 2661 120.
466 2624 535 2655 tab.
565 2622 625 2661 111,
647 2633 681 2655 n.
707 2623 755 2656 ll.

405 2683 452 2725 (3)
472 2684 511 2715 V.
531 2693 647 2725 supra,
665 2693 697 2725 p.
717 2683 751 2716 7.

409 2741 453 2782 (4)
473 2741 601 2779 Strnb..
626 2742 689 2779 IX,
710 2743 782 2776 425.

406 2801 454 2841 (5)
474 2800 590 2842 pind..
614 2801 682 2842 ot..
707 2800 772 2841 lx,
794 2801 851 2835 ¹06
872 2811 946 2844 sqq.
