1916 3198
361 258 383 299 2
876 271 928 300 DE
958 268 1103 301 Locrus
1131 270 1343 301 OPUN'rns.

357 350 598 407 Telebois,
629 356 720 396 etc.
737 384 752 408 ,
782 349 920 396 nobis
951 356 1061 396 sunt
1094 350 1263 397 tradita
1292 367 1303 396 :
1336 365 1538 412 quorum
1562 356 1610 397 et
1634 349 1846 397 indolem

361 442 408 481 et
430 435 548 480 facta
576 432 750 495 pariter
775 432 1072 493 ignoramus,
1095 448 1250 495 neque
1273 434 1447 481 scimus
1474 441 1602 480 certe
1626 440 1707 479 aut
1732 448 1854 495 quas

360 516 553 564 Graeciae
578 523 732 578 partes
759 515 1074 564 habitaverint
1091 552 1102 574 ,
1131 523 1213 563 aut
1231 517 1458 578 quamdiu
1486 517 1534 563 in
1563 517 1620 564 iis
1646 515 1854 578 regioni-

362 602 450 648 bus
477 614 594 662 quas
624 606 905 659 tenuerunt,
937 601 1300 662 permanserint.
1329 601 1421 647 Sed
1449 601 1552 648 haec
1579 599 1855 663 disputandi

363 698 456 731 non
485 691 556 731 est
582 684 711 731 locus
737 682 813 746 (l)
838 700 848 729 :
886 683 935 729 id
974 690 1153 731 tantum
1180 698 1266 746 pro
1293 691 1536 746 comperto
1561 684 1852 743 habeamus,

362 767 556 828 Leleges
595 767 771 830 primos
803 767 1014 829 opuntiae
1050 767 1258 828 regionis
1298 767 1476 815 incolas
1516 768 1760 827 extitisse3
1792 767 1856 814 ita

363 851 527 897 saltem
559 857 721 898 censet
753 849 1030 898 Aristoteles
1067 851 1114 896 in
1150 851 1390 898 nonnullis
1428 866 1489 898 ex
1526 851 1583 898 iis
1617 851 1858 913 opusculis

363 949 471 996 quae
509 934 568 981 de
609 934 791 995 legibus
831 935 1174 997 praecipuarum
1214 935 1409 982 Graeciae
1456 935 1701 982 civitatum
1740 949 1856 982 con-

364 1018 577 1080 scripsit,
603 1018 737 1078 cujus
766 1019 1084 1066 testimonium
1114 1019 1173 1065 ab
1204 1019 1410 1066 Hesiodo
1445 1017 1513 1078 (2)
1549 1025 1596 1065 et
1620 1018 1859 1080 Stephano

365 1101 623 1164 Byzantino
645 1099 719 1165 (3)
748 1101 1068 1149 confirmatur.
1313 1099 1315 1102 ’

431 1185 566 1240 Quod
584 1185 623 1231 si
644 1185 704 1231 ad
726 1187 1003 1232 veterrimas
1021 1186 1330 1248 Opuntiorum
1355 1186 1536 1233 fabulas
1554 1186 1856 1248 respicimus,

366 1269 566 1331 primum
592 1268 726 1315 nobis
747 1269 980 1315 diluvium
1008 1269 1125 1316 illud
1153 1270 1354 1316 occurrit
1379 1284 1405 1316 a
1427 1269 1714 1317 Deucalione
1741 1270 1859 1332 Pyr-

366 1352 546 1412 rhaque
574 1352 873 1398 illustratum.
901 1352 1013 1398 Cum
1040 1353 1164 1399 enim
1186 1366 1308 1414 aqua
1327 1354 1423 1413 jam
1453 1353 1723 1411 recederet,
1752 1366 1860 1399 arca

364 1435 413 1480 in
440 1449 579 1496 quam
607 1449 658 1480 se
685 1435 938 1481 Deucalion
965 1449 1070 1481 cum
1099 1436 1300 1496 conjuge
1324 1443 1591 1498 receperat,
1622 1436 1668 1481 in
1697 1442 1860 1482 monte

364 1518 509 1580 Othry
530 1555 540 1574 ‚
573 1526 622 1563 ut
655 1518 868 1564 nonnulli
906 1518 1073 1565 volunt
1097 1517 1204 1582 (4),
1231 1526 1313 1565 aut
1339 1519 1386 1564 in
1414 1518 1568 1577 Atho,
1595 1519 1634 1564 si
1661 1518 1861 1580 quibus-

365 1602 470 1648 dam
498 1609 569 1648 est
605 1600 844 1648 fidendum
878 1600 981 1664 (5),
1019 1602 1280 1649 secundum
1308 1609 1464 1649 autem
1501 1602 1780 1663 plerosque,
1812 1602 1859 1648 in

364 1685 592 1732 Parnasso
624 1685 833 1732 constitit
865 1683 959 1748 (6).
997 1686 1111 1732 Inde
1137 1686 1394 1733 Deucalion
1432 1686 1673 1747 opuntiam
1703 1685 1861 1746 regio-

367 1784 470 1815 nem
491 1805 503 1827 ,
534 1769 628 1815 imo
661 1769 807 1830 ipsam
834 1767 1093 1830 Opuntem,
1122 1769 1162 1815 si
1191 1769 1378 1815 Pindari
1415 1768 1683 1816 scholiastae
1710 1769 1861 1815 credi·

366 1866 468 1897 mus
490 1850 582 1914 (7),
615 1851 765 1913 petiit,
796 1860 894 1908 aut,
925 1851 962 1898 si
992 1851 1332 1913 Apollodorum
1361 1852 1627 1913 sequimur,
1658 1851 1860 1914 Cynum,

365 1935 410 1980 in
437 1934 634 1996 Opuntis
665 1941 879 1996 portum,
915 1949 966 1981 se
1002 1935 1200 1981 contulit
1236 1934 1328 1998 (8).
1363 1936 1531 1982 Strabo
1568 1949 1714 1993 ver0,
1754 1949 1861 1982 cum

405 2124 449 2165 (l)
478 2123 525 2155 Dc
550 2123 733 2165 laelegibus
752 2149 758 2160 .
778 2134 810 2156 v.
831 2124 961 2165 Grotc,
984 2124 1134 2157 Histoire
1153 2125 1193 2156 de
1211 2124 1245 2157 la
1263 2124 1382 2161 (ἔνθεο,
1405 2123 1494 2156 trad.
1525 2123 1568 2156 dc
1596 2122 1734 2156 Sadous
1750 2148 1758 2164 ‚
1784 2122 1861 2162 111.

364 2195 397 2226 p.
422 2183 476 2216 105
497 2194 587 2226 sqq..
612 2187 645 2215 ct
665 2194 771 2226 opcrn
787 2194 936 2225 quorum
959 2185 1211 2217 indicationem
1231 2185 1291 2217 dat
1310 2183 1502 2223 Hermann,
1520 2183 1690 2216 Lehrbuch
1706 2183 1766 2216 der
1781 2183 1864 2225 orw-

362 2243 517 2275 chii-chen
539 2243 790 2284 Αηείᾳιιίιάιοη,
811 2243 823 2275 1
848 2243 971 2284 (1875),
991 2246 1005 2283 β,
1026 2244 1057 2282 Γ»,
1081 2244 1128 2276 13.

406 2303 452 2343 (2)
475 2302 540 2345 Ap.
559 2302 690 2338 strab..
715 2301 793 2342 Vll,
810 2302 886 2336 32‘2.

403 2362 448 2403 (3)
467 2362 502 2393 S.
528 2372 561 2394 v.
579 2364 767 2400 ψύσκος.

403 2421 446 2461 (l)
468 2421 654 2460 llcllnnic„
678 2422 712 2453 in
732 2430 836 2464 opere
858 2421 962 2454 hodic
981 2421 1175 2464 deperdito.
1198 2421 1291 2465 quod
1312 2422 1525 2464 inscriptum
1542 2424 1616 2455 crat
1633 2423 1864 2456 Δευκαλιω·

359 2482 456 2513 veta.
475 2479 516 2513 V.
538 2479 710 2513 lle-llunic.
729 2481 867 2521 fragili..
888 2480 937 2521 lG,
956 2481 991 2513 in
1010 2482 1147 2524 Fraqm.
1166 2481 1320 2515 historic.
1335 2490 1485 2523 ormcor„
1502 2480 1555 2515 cd.
1579 2480 1695 2519 Didot,
1713 2481 1741 2518 1.
1757 2491 1791 2523 p.
1810 2480 1863 2515 48.

399 2541 444 2578 (ὓ)
464 2540 576 2575 Serv..
599 2541 638 2572 ln
667 2540 784 2582 Vir-qil.
807 2540 934 2578 Bucol..
963 2539 1024 2578 VI.
1045 2540 1096 2573 ll.

399 2600 447 2639 (⁴5)
467 2599 581 2637 l’ind..
606 2599 672 2640 Ol„
693 2598 756 2640 IX,
776 2600 828 2639 60,
851 2604 885 2632 ct
901 2600 1011 2634 schol.
1035 2600 1069 2632 in
1091 2610 1124 2633 v.
1145 2599 1399 2642 64;Ap0110d.‚
1420 2599 1444 2637 1.
1464 2599 1496 2638 7,
1517 2599 1557 2636 22
1579 2599 1699 2641 ovid„
1717 2600 1863 2642 Metam,

364 2659 388 2694 l.
412 2659 720 2700 ³1⁴·›m1q.;sorv.,
739 2660 779 2693 In
806 2660 924 2699 Viroil.
949 2660 1077 2697 Bucol„
1103 2658 1161 2697 Vl,
1186 2659 1235 2691 41.

400 2718 446 2756 (7)
465 2717 582 2749 fichol.
605 2718 720 2758 vimi..
742 2718 806 2754 Ol..
835 2717 900 2755 lx,
924 2718 975 2751 Μ.

411 2779 453 2814 (8)
480 2777 565 2808 llml.
