1916 3198
785 314 838 350 nn
866 321 1058 351 AR'rmus.
1620 313 1671 356 93

179 406 276 453 bet.
306 405 431 450 Inter
452 401 705 449 amatorios
728 401 854 447 enim
881 401 1041 448 titulos
1081 407 1152 448 est
1186 403 1525 462 numerandus,
1550 417 1670 465 quos

180 489 228 535 in
256 487 382 534 vasis
414 499 540 548 saepe
573 483 890 543 osfendimus3
918 499 1118 546 quorum
1157 491 1371 531 naturam
1409 486 1667 548 epithetum

179 573 305 622 καλός
330 570 606 632 plerumque
633 567 886 614 denunciat
912 566 1003 631 (t).
1030 568 1198 626 Satur,
1228 568 1332 615 sine
1358 568 1533 628 dubio,
1563 584 1672 617 con·

181 653 291 702 viva
318 688 332 712 ,
370 667 476 699 cum
511 651 782 698 Panteleum
804 686 816 708 ,
851 650 1043 697 delicias
1076 665 1216 710 suas,
1260 652 1453 699 laudare
1492 653 1668 711 vellet,

183 736 402 799 poculum
448 749 585 781 suum
636 733 724 781 hoc
772 733 1006 780 versiculo
1060 734 1336 792 decoravit,
1385 743 1432 782 et
1468 736 1671 783 amicum

182 818 308 881 apud
342 832 482 879 quem
521 817 738 863 coenabat
770 816 1002 878 amicique
1039 816 1202 863 vinum
1244 817 1417 878 pariter
1443 819 1674 880 praedica·

183 901 253 949 vit
280 899 372 963 (2).

249 982 391 1031 Aliud
418 990 573 1030 autem
600 997 684 1030 vas
706 997 1047 1041 memoremus,
1075 990 1280 1044 pateram
1312 999 1498 1048 nempe,
1530 1002 1677 1049 prope

183 1068 438 1114 Livanatais
482 1080 673 1128 quoque
718 1073 949 1127 repertam
996 1064 1110 1128 (att.
1143 1066 1346 1125 0¹³‚0903
1391 1070 1486 1116 oris
1526 1070 1674 1118 diam.

187 1148 412 1214 0¹¹¹,t70>;
443 1150 491 1196 in
518 1163 610 1211 qua
638 1149 919 1212 perspicitur

746 1306 1130 1497 effi&

256 1579 391 1634 Quod
413 1579 610 1626 verbum
631 1579 735 1626 sive
756 1580 851 1624 Θεοί
871 1579 974 1625 sive
996 1587 1101 1624 Θεῶι
1124 1579 1390 1640 significare
1414 1591 1568 1644 potest
1589 1584 1682 1648 (3).

193 1661 367 1710 Forsan
395 1662 497 1709 haec
525 1670 684 1724 patera
710 1662 896 1708 cuidam
924 1663 1014 1710 deo
1042 1663 1193 1710 fuerat
1219 1673 1491 1712 consecrata
1515 1666 1606 1730 (4).

258 1746 390 1792 Nunc
420 1745 583 1802 nobis,
611 1746 708 1806 jam
735 1746 796 1792 ad
826 1744 967 1793 finem
1004 1747 1366 1808 properantibus
1386 1786 1397 1804 ,
1432 1763 1580 1810 pauca
1614 1751 1687 1797 di·

190 1828 339 1876 cenda
358 1835 469 1876 sunt
491 1828 552 1876 de
575 1835 675 1876 arte
705 1829 909 1890 quadam
934 1829 981 1874 in
1009 1843 1101 1890 qua
1127 1829 1319 1892 Opuntii
1346 1831 1553 1893 aliquam
1581 1834 1687 1880 lau-

189 1911 298 1959 dem
317 1911 583 1969 obtinuere,
610 1911 670 1958 de
698 1910 910 1958 fictilium
934 1926 1103 1974 nempe
1132 1912 1388 1974 figurarum
1415 1923 1545 1974 arte,
1575 1930 1688 1978 quae

190 1994 238 2041 in
266 1994 344 2041 illa
370 1994 563 2056 regione
582 1994 697 2041 satis
724 1993 942 2041 floruisse
960 1994 1168 2042 videtur.
1195 1994 1474 2057 Quanquam
1496 1997 1691 2046 difficile

190 2083 291 2137 est,
328 2091 435 2124 cum
467 2077 515 2123 in
547 2077 650 2139 ipsa
679 2076 858 2124 Graecia
891 2078 1254 2141 ἀρχαιοκαπήλους
1288 2079 1581 2144 interrogas,
1610 2089 1692 2128 aut

192 2174 298 2208 cum
322 2160 370 2207 in
393 2160 736 2222 europensibus
758 2161 934 2208 muscis
961 2161 1146 2208 indices
1163 2163 1393 2226 consulis,
1418 2165 1541 2212 scire
1562 2181 1691 2227 quae·

195 2257 303 2292 nam
330 2242 495 2305 figurae
522 2257 635 2291 vere
663 2243 760 2290 sint
785 2244 1013 2306 opuntiae‚
1039 2259 1256 2306 quaenam
1282 2261 1309 2293 e
1336 2247 1506 2294 vicinis
1532 2248 1692 2311 Opun-

197 2326 255 2372 tis
282 2326 556 2387 regionibus
594 2327 895 2388 proveniant.
935 2327 1092 2374 Multae
1132 2328 1258 2374 enim
1286 2329 1511 2391 Tanagrae
1546 2332 1693 2393 assig-

237 2477 284 2521 (t)
302 2477 349 2511 V.
369 2477 409 2512 Ο.
431 2477 535 2518 Jahn,
556 2478 804 2520 Beschreibunq
824 2479 884 2512 der
908 2479 1210 2521 Vasemammlunq
1228 2481 1340 2522 Kimiq
1359 2482 1530 2524 Ludwiqs.
1546 2483 1693 2526 lutrod„

199 2546 235 2580 p.
251 2545 332 2572 cxxx
351 2547 426 2580 sqq.

245 2596 291 2639 (2)
310 2597 351 2630 In
369 2598 437 2631 hoc
455 2598 570 2639 titulo,
592 2598 698 2631 verba
719 2599 740 2630 ἃ
759 2600 903 2642 ποτήρια
922 2599 1007 2632 καλά
1026 2599 1185 2632 eamdem
1207 2601 1308 2633 nobis
1326 2601 1622 2643 significationem
1638 2604 1697 2636 ha·

199 2658 282 2689 bere
299 2656 466 2691 videntur
487 2661 594 2698 atque
613 2658 690 2696 ἡδὺς
709 2659 726 2690 ὁ
743 2658 850 2698 οἶνος,
867 2659 965 2697 καλὸς
986 2659 1095 2699 οἶνος,
1116 2668 1195 2701 quae
1215 2660 1252 2692 in
1272 2661 1482 2702 quibusdam
1503 2663 1616 2696 titulis
1634 2674 1697 2698 oc-

202 2717 362 2749 currunt.
381 2715 425 2749 V.
445 2715 488 2750 0.
508 2715 613 2757 Jahn,
632 2726 686 2759 op.
704 2718 777 2754 cit„
797 2716 946 2755 Introd.‚
965 2727 1000 2759 p.
1022 2727 1108 2756 oxu,
1128 2727 1234 2756 cxxv.
1255 2728 1290 2752 n.
1311 2719 1384 2753 928.

245 2773 291 2815 (3)
307 2773 352 2808 V.
372 2775 460 2809 Bull.
479 2776 520 2809 de
535 2785 623 2810 corr.
641 2775 775 2817 hellen„
796 2776 842 2815 11.
862 2787 897 2819 p.
917 2777 990 2818 588,
1012 2787 1050 2811 n.
1068 2777 1100 2810 2.

246 2832 292 2875 (⁴)
312 2832 356 2869 O.
372 2832 479 2876 Jahn,
499 2844 554 2877 op.
574 2835 648 2873 eit..
668 2835 814 2877 Introd.,
835 2846 872 2878 p.
890 2844 994 2871 cxxx.
