1916 3198
323 231 372 272 12
840 244 893 275 DE
922 243 1069 274 Locms
1099 245 1311 275 opun'rns.

319 322 479 381 missa,
508 322 737 385 Opuntios
759 322 979 370 videmus
1002 337 1108 370 cum
1135 330 1314 386 septem
1345 324 1548 370 navibus
1567 323 1670 370 Ceis
1693 324 1822 370 auxi·

319 406 455 453 liatos
483 420 591 453 esse
617 404 711 468 (l).

383 490 499 545 Quae
535 489 726 551 quidem
765 489 993 547 coloniae,
1037 490 1240 538 diversis
1284 492 1560 552 regionibus
1601 491 1820 556 diffusae,

318 574 431 635 quid
475 573 827 629 demonstrant,
873 573 967 619 nisi
1006 573 1098 620 illis
1141 575 1432 637 temporibus
1465 589 1572 636 quae
1611 574 1822 621 fabulosa

318 657 662 719 appellavimus
683 693 694 714 ,
745 656 1001 704 florentem
1052 657 1198 705 fuisse
1246 665 1434 718 gentem
1480 658 1825 720 Opuntiorum?

318 741 526 796 Quorum
543 741 717 802 oppida
735 740 836 787 haec
862 748 1015 799 erant,
1039 742 1077 787 si
1099 742 1288 788 Homeri
1306 743 1584 805 Καταλόγῳ
1600 740 1819 788 fidimus:

318 825 446 886 Opus
484 823 583 887 (2),
623 823 806 886 Cynus,
847 823 1104 883 Calliaros,
1145 825 1261 871 Besa
1284 861 1295 882 ,
1341 825 1571 887 Scarphe,
1610 823 1820 885 Augeae,

317 908 523 970 Tarphe,
553 906 833 964 Thronium,
860 908 949 953 alia
978 907 1024 953 in
1051 907 1361 969 Opuntiorum
1381 945 1393 966 ,
1425 908 1515 954 alia
1551 908 1597 954 in
1624 908 1823 970 Epicne-

319 991 569 1038 midiorum
597 1005 711 1051 agro
743 990 832 1037 sita
870 990 961 1052 (3).
1007 990 1187 1045 Quibus
1223 991 1491 1051 adjicienda
1528 997 1599 1038 est
1628 991 1819 1053 Naryx,

318 1074 474 1134 AJacis
499 1074 646 1136 patria
673 1072 767 1136 (4),
795 1081 842 1120 et
864 1073 1096 1136 AIponus,
1126 1075 1186 1120 ab
1212 1074 1455 1122 Hellanico
1476 1075 1524 1121 in
1551 1080 1823 1120 Δευκαλιω-

317 1158 423 1217 νείᾳ
443 1163 727 1204 memoratus
749 1155 842 1219 (5),
869 1156 972 1204 sive
1001 1156 1188 1219 Alpeni,
1222 1171 1341 1218 quos
1363 1157 1627 1219 Stephanus
1648 1157 1824 1219 Byzan-

320 1240 885 1302 tinusEpicnemidiorum
902 1241 1201 1302 metropolim
1212 1247 1349 1288 vocat
1364 1239 1456 1304 (6),
1471 1248 1565 1287 tum
1577 1239 1726 1302 Alope
1740 1239 1821 1302 (7).

318 1324 398 1370 His
427 1325 568 1384 igitur
592 1323 777 1385 oppidis
802 1324 910 1370 freti
938 1362 947 1379 ‚
977 1338 1178 1384 quorum
1206 1324 1350 1370 multa
1377 1324 1437 1370 ad
1463 1323 1688 1385 Euripum
1714 1323 1825 1370 aedi·

318 1406 454 1453 ficata
481 1414 643 1468 portus
671 1406 971 1468 praebebant,
1001 1414 1048 1452 et
1074 1412 1258 1453 vastum
1284 1420 1338 1452 ac
1374 1406 1574 1452 fertilem
1601 1420 1817 1467 campum

317 1491 439 1538 circa
480 1490 713 1551 Opuntem
752 1490 1087 1552 possidentes,
1129 1491 1176 1535 in
1219 1489 1534 1536 remotissima
1570 1489 1649 1536 illa
1683 1496 1823 1536 aetate

321 1582 554 1636 apparent
593 1574 728 1620 nobis
771 1573 963 1635 Opuntii
1007 1580 1058 1619 ut
1094 1573 1253 1621 valida
1295 1587 1412 1633 gens
1449 1556 1590 1634 atque
1631 1573 1820 1632 vivida,

319 1656 446 1703 bello
467 1656 696 1717 durisque
715 1655 913 1716 agrestis
935 1658 1046 1702 vitae
1067 1655 1308 1702 laboribus
1330 1662 1521 1702 assueta
1539 1671 1551 1713 ς
1576 1655 1663 1702 n'ec
1683 1655 1824 1702 absti-

321 1753 435 1786 nere
472 1740 533 1785 ab
572 1738 890 1786 admiratione
922 1739 1125 1800 quadam
1161 1753 1443 1801 possumus,
1471 1753 1575 1785 cum
1616 1739 1674 1785 ad
1709 1740 1827 1787 rude

321 1822 437 1869 illud
468 1822 713 1869 hominum
740 1836 890 1882 genus
921 1822 1228 1883 respicimus,
1255 1828 1322 1869 tot
1347 1821 1516 1868 sabulis
1543 1822 1824 1869 illustratum

321 1913 448 1952 arcte
476 1920 582 1951 cum
611 1906 804 1966 antiqua
830 1905 1036 1953 Graeciae
1064 1905 1259 1953 historia
1286 1905 1549 1965 conjunclis
1567 1905 1589 1951 't
1620 1919 1727 1952 nam
1766 1921 1827 1954 ex

322 1989 507 2035 diluvio
534 1988 614 2035 illo
642 1989 969 2045 Deucalionis,
1000 2004 1062 2035 ex
1091 1989 1310 2046 Hellene,
1338 1988 1563 2043 Hercule,
1589 1988 1822 2048 Patroclo,

327 2071 499 2132 Ajace,
531 2072 691 2118 nescio
724 2072 836 2133 quid
871 2072 1033 2131 gloriae
1063 2072 1121 2118 ad
1150 2072 1379 2134 Opuntios
1410 2072 1669 2130 redundat,
1702 2073 1827 2120 unde

330 2153 456 2201 banc
480 2155 721 2215 regionem
753 2156 893 2202 etiam
923 2170 1048 2202 nunc
1073 2162 1404 2217 peragrantes,
1436 2169 1528 2203 nou
1553 2155 1656 2203 sine
1682 2170 1825 2204 vene·

362 2342 409 2385 (1)
430 2342 575 2382 Herod„
602 2342 700 2383 vlu,
720 2343 749 2377 1.

371 2403 418 2444 (2)
436 2402 524 2436 Haec
542 2404 627 2436 urbs
648 2406 723 2436 tum
749 2402 883 2442 Ὀποῦς.
902 2407 1026 2442 οὗντος,
1048 2405 1123 2435 tum
1147 2402 1291 2443 Ὀπόεις,
1312 2414 1401 2441 evm<
1416 2402 1557 2436 dieitur.

370 2463 414 2505 (3)
438 2462 497 2503 Ιι.,
522 2462 571 2504 ΙΙ,
589 2462 647 2496 531
675 2472 751 2505 sqq.
770 2461 837 2499 Cf..
860 2462 902 2495 de
919 2461 1080 2503 Calliam,
1102 2461 1222 2505 Steph.
1243 2461 1344 2503 Byz..
1365 2471 1398 2494 s.
1420 2471 1454 2495 v.

368 2522 414 2564 (4)
433 2522 536 2565 Apud
559 2521 780 2562 Strabonem,
806 2522 868 2562 lx,
889 2521 961 2560 ¹125,
986 2523 1136 2566 Νάρυκος
1158 2531 1295 2564 quoque
1316 2523 1427 2555 forma
1448 2521 1638 2555 invenitur.

367 2582 414 2624 (5)
435 2581 559 2624 steph.
581 2582 681 2625 Byz..
704 2592 732 2615 fl.
755 2592 788 2615 v.
815 2583 1044 2620 ’Λλπωνοᾳ

366 2641 414 2682 (o)
437 2642 501 2679 ld..
525 2651 554 2675 a.
572 2651 605 2675 v.

368 2701 414 2741 (Ἰ)
435 2700 567 2737 Sti-nb..
593 2700 641 2733 IX
658 2726 665 2740 ,
680 2701 751 2734 432.
774 2701 976 2734 Secundum
995 2703 1111 2734 nutem
1133 2699 1359 2738 Strabonem.
1377 2699 1559 2734 accidebat
1582 2700 1651 2742 uti,
1671 2700 1706 2733 in
1725 2709 1829 2734 versu

341 2761 381 2800 l„
404 2760 451 2798 11.
473 2760 547 2799 682,
569 2770 631 2803 pro
651 2760 763 2803 Alope
783 2760 907 2794 llulius
927 2769 1022 2803 aaepo
1041 2761 1224 2801 legeretur.
