1916 3198
327 263 378 303 44
837 276 888 304 nn
916 275 1061 306 Locrus
1091 276 1305 306 opunrns.

330 354 511 412 nimuS,
543 369 601 401 ex
643 354 810 401 humili
852 354 1176 416 paludosoque
1211 369 1406 418 campo,
1448 369 1589 417 quem
1628 361 1825 416 occupat

327 437 581 497 Kyparissi,
609 436 655 482 in
688 436 901 484 altiorem
935 451 989 483 ao
1015 437 1324 485 salubriorem
1355 438 1597 499 regionem
1615 473 1626 494 ‚
1658 436 1705 482 in
1732 450 1826 497 qua

329 519 441 566 urbs
489 520 690 566 Atalanta·
746 526 907 582 postea
966 519 1196 567 aedificata
1256 528 1354 579 est,
1406 521 1511 568 illos
1568 519 1822 567 transtulit.

327 601 567 664 Quidquid
594 602 641 649 id
667 610 765 661 est,
792 603 1052 650 notandum
1081 610 1153 650 est
1181 605 1391 650 Atalanti
1413 603 1613 666 Opuntis
1639 603 1823 659 locum,

327 685 587 732 secundum
614 686 884 747 opinionem
913 693 1144 749 nostram,
1174 687 1402 734 indicare.

393 768 668 830 Priusquam
704 777 861 816 autem
898 772 1125 831 Kyparissi
1157 770 1459 832 linquamus,
1485 769 1573 817 hos
1607 769 1828 816 funebres

330 851 508 909 titulos,
537 865 564 898 a
591 852 727 900 nobis
756 854 1081 916 transcriptOS,
1111 853 1434 901 exhibeamus
1460 851 1551 916 (l).

396 934 446 980 In
474 935 653 982 tofacea
683 936 861 995 tabula,
892 937 1193 998 prominente
1218 937 1375 984 balteo
1402 936 1692 984 circumdata
1718 954 1727 981 :

680 1059 1003 1101 NAvslTEbes
1245 1053 1480 1103 Ναυσιτέλης.

396 1161 511 1216 Quae
540 1162 725 1221 tabula,
751 1163 798 1208 in
826 1163 964 1210 alveo
1005 1163 1226 1210 torrentis
1263 1177 1433 1225 pagum
1468 1161 1831 1224 praeterfluentis

327 1251 541 1305 reperta,
595 1251 846 1292 externum
899 1245 1150 1306 cujusdam
1203 1246 1373 1293 domus
1431 1245 1658 1307 parietem
1707 1258 1833 1291 nuno

332 1327 539 1374 decorat.
1075 1334 1087 1341 ·

398 1410 447 1456 In
470 1410 619 1456 simili
646 1417 804 1457 autem
831 1411 1009 1474 tabula,
1032 1412 1170 1459 aliam
1199 1412 1390 1460 domum
1419 1417 1634 1471 ornante,
1659 1410 1833 1458 discer-

333 1499 511 1539 nuntur
539 1496 720 1540 tantum
748 1495 917 1541 litterae
947 1505 1028 1546 ΕΡ.

400 1575 460 1622 At
494 1576 605 1623 urbs
631 1579 836 1624 Atalanti
861 1579 1090 1627 nonnulla
1118 1578 1312 1639 antiqua
1347 1582 1651 1624 monumenta
1684 1576 1834 1623 conti-

333 1665 439 1718 net,
470 1658 530 1705 de
559 1660 731 1720 quibus
760 1668 921 1723 postea
966 1663 1236 1724 loquemur.
1260 1661 1393 1707 Nunc
1416 1659 1644 1721 quosdam
1674 1658 1833 1706 titulos

335 1742 615 1789 referamus.

403 1823 524 1871 Ante
564 1825 757 1874 domum
797 1828 1077 1890 quamdam,
1118 1828 1163 1873 in
1202 1825 1361 1873 tabula
1400 1825 1492 1872 illis
1530 1824 1672 1871 simili
1716 1837 1834 1885 quas

338 1920 478 1970 supra
513 1911 884 1959 memoravimus
910 1910 986 1975 (2)
1011 1929 1020 1957 ε

553 2036 1479 2183 etmel-fv·

1503 2164 1612 2258 «X

1539 2290 1641 2357 ...4

1544 2398 1627 2469 Ο

1541 2493 1634 2550 κῆ

999 2603 1245 2668 Ἐξοὶγνετος.

389 2735 433 2776 (Ι)
453 2734 497 2768 V.
523 2735 611 2768 null.
635 2735 676 2768 do
691 2743 776 2768 corr.
801 2733 935 2774 hellen..
955 2733 1000 2774 11,
1021 2743 1054 2776 p.
1079 2733 1151 2773 588,
1173 2742 1208 2766 n.
1226 2733 1257 2765 6.

381 2794 429 2835 (2)
449 2793 548 2833 wid..
572 2804 606 2836 p.
626 2793 696 2835 588,
716 2803 750 2826 n.
768 2793 799 2827 5.
