1916 3198
591 205 788 237 anamma
816 205 1078 235 nuscatpvno.
1537 193 1588 233 49

451 294 466 319 ⁵
519 283 678 335 τέλειαν,
701 282 922 338 προ]δικίαν,
947 282 1115 332 ἀσυλίαν,

523 384 755 396 ......
787 354 999 410 ἇσ]φάλειαν
1019 354 1080 394 καὶ
1100 370 1167 394 πο-

518 427 649 468 λιτείαν
652 455 736 468 .....
761 426 821 466 καὶ
843 425 1005 479 κα]τὰ...

158 591 268 638 Haec
307 595 607 637 monumenta
637 588 944 650 Epicnemidii
987 589 1209 636 offerunt.
1250 588 1422 648 Pagum
1460 588 1587 636 enim

93 674 227 733 Molo,
251 687 334 736 per
357 687 498 735 quem
525 672 586 719 ad
603 671 939 736 Thermopylas
966 678 1038 719 est
1066 671 1172 730 iter,
1195 671 1310 717 nihil
1338 671 1586 732 antiquum

46 762 53 767 “
93 755 318 804 continet.
354 755 550 802 Bursian
600 762 753 802 tamen
799 761 961 802 censet
1002 754 1175 801 moenia
1223 753 1441 816 quaedam
1480 768 1590 816 quae

93 853 240 902 prope
263 838 599 901 Thermopylas
631 845 795 885 extant
833 838 1002 885 Nicaeae
1029 837 1229 898 vestigia
1256 837 1465 884 indicare
1491 835 1585 900 (1).

35 919 42 926 ’
93 921 184 970 Sed
212 922 450 984 pleraeque
471 921 900 984 Epicnemidiorum
930 921 1073 987 urbes
1100 920 1163 967 ita
1188 921 1379 968 fuerunt
1402 920 1589 981 ignobi-

93 1004 190 1065 leS,
225 1005 465 1068 pleraeque
498 1012 589 1052 tam
625 1005 718 1052 cito
747 1005 1059 1062 exciderunt,
1091 1011 1142 1050 ut
1168 1018 1329 1051 earum
1361 1004 1481 1051 situs
1507 1004 1590 1051 vix

63 1083 65 1085 ’
94 1094 236 1151 queat
257 1103 382 1136 nunc
406 1088 717 1151 deprehendi.

157 1172 347 1234 Itaque,
377 1187 438 1220 ex
464 1173 683 1220 omnibus
712 1173 802 1219 illis
828 1172 1100 1219 civitatibus
1127 1186 1234 1233 quae
1262 1171 1389 1233 apud
1419 1171 1588 1233 Opun-

16 1299 17 1306 ,
95 1255 183 1303 tios
204 1261 251 1302 et
275 1255 621 1318 Epicnemidios
648 1256 886 1318 quondam
915 1255 1175 1312 florebant,
1206 1256 1320 1316 quid
1345 1260 1586 1317 superest,

95 1338 182 1386 nisi
206 1339 394 1386 nomina
421 1345 562 1401 atque
588 1339 802 1386 umbrae‘?
827 1339 1022 1386 Prodest
1042 1345 1197 1385 tamen
1222 1338 1345 1384 inter
1372 1352 1477 1384 rara
1507 1337 1588 1383 illa

15 1411 17 1432 <
94 1435 149 1469 ac
183 1421 354 1468 diffusa
379 1429 682 1470 monumenta
715 1422 991 1469 ambulatio.
1025 1421 1236 1482 Namque
1265 1421 1406 1467 urbes
1435 1420 1588 1482 perie-

95 1511 222 1563 runt,
249 1505 333 1551 sed
361 1514 635 1552 manserunt
659 1505 798 1563 tituli,
827 1511 1101 1551 manserunt
1126 1518 1433 1562 marmorum,
1471 1502 1589 1550 ficti·

94 1585 206 1634 lium
232 1585 507 1648 figurarum,
532 1602 754 1636 vasorum
774 1588 1059 1645 testimonia,
1085 1601 1193 1649 quae
1215 1587 1273 1633 ad
1299 1601 1589 1648 cognoscen-

16 1661 18 1728 Ῐ
95 1668 180 1718 dos
214 1669 397 1716 illarum
432 1670 677 1731 regionum
719 1671 896 1734 priscos
935 1670 1111 1717 incolas
1157 1670 1413 1716 maximum
1452 1670 1589 1717 nobis

96 1752 305 1815 praebent
329 1754 590 1813 auxilium;
629 1768 715 1801 nec
752 1767 1159 1816 supervacaneum
1195 1760 1267 1800 est
1299 1767 1491 1815 campos
1531 1753 1586 1798 il-

95 1834 165 1883 los
194 1836 478 1898 perlustrare
517 1844 563 1884 et
607 1844 790 1884 montes
827 1843 874 1884 et
905 1836 1044 1899 plena
1082 1835 1419 1882 admonitionis
1454 1836 1586 1894 loca,

17 1938 19 1948 ·
95 1931 202 1980 quae
223 1932 330 1967 cum
358 1920 606 1967 invisimus
625 1956 637 1979 ,
668 1927 884 1967 veterum
923 1920 1175 1966 Locrorum
1214 1933 1368 1966 mores
1398 1919 1589 1980 propius

17 2046 21 2065 ‚
96 2000 331 2050 intuemur
350 2018 404 2050 ac
424 2003 708 2051 vividiorem
738 2003 892 2050 exacti
926 2002 1149 2064 temporis
1174 2002 1310 2050 nobis
1336 2002 1587 2062 imaginem

18 2111 20 2151 ᾗ
97 2083 380 2148 effingimus.

137 2249 183 2291 (ι)
208 2251 268 2293 op.
290 2251 475 2295 cie.,1,p.
500 2252 569 2287 188.
