1956 3184
766 259 1016 291 Pnooemmr.
1544 246 1563 297 (x
1590 258 1640 286 m
1664 253 1669 281 l

155 343 354 409 Ἐσπέριοι
373 340 447 405 (l)
465 353 635 389 nomen
649 345 749 386 erat
768 339 1061 402 impositum,
1078 353 1223 385 unum
1244 338 1468 401 populum
1492 338 1537 384 in
1551 338 1635 384 for-

153 429 342 475 mabant
362 433 409 473 et
429 424 613 486 Opunte
636 422 881 485 metropoli
902 423 1154 470 utebantur
1167 420 1259 485 (2).
1275 423 1340 469 De
1366 422 1525 469 alteris
1550 421 1637 482 igi-

156 518 229 558 tur
253 510 293 557 si
309 509 415 571 quis
441 506 648 565 disserit,
666 506 726 553 de
737 506 896 553 alteris
912 520 1102 567 quoque
1116 506 1318 552 disserat
1343 519 1535 552 necesse
1546 511 1634 552 est.

153 593 287 649 Quod
309 598 435 640 certe
462 590 675 648 fecimus,
708 589 794 636 etsi
824 589 1103 651 disceptatio
1127 589 1187 635 de
1215 588 1431 650 Opuntiis
1460 595 1638 635 tant-um

154 675 373 738 inscripta
392 680 480 732 est,
504 673 613 735 quia
627 673 673 719 in
694 672 887 720 historia
916 672 1058 719 totius
1074 672 1227 732 gentis
1247 670 1375 734 Opus
1394 671 1637 734 praecellit.

215 757 251 803 E
274 756 417 804 variis
440 755 647 803 lontibus
671 754 937 804 hausimus.
961 754 1070 802 Erat
1101 762 1258 802 autem
1292 755 1420 817 apud
1455 762 1641 802 veteres

151 855 269 904 opus
307 839 545 903 quoddam
587 839 647 886 de
688 838 904 901 Opuntiis
958 837 1258 900 peculiariter
1297 838 1639 900 conscriptum,

154 940 297 972 unum
323 937 492 986 nempe
514 936 576 970 ex
597 922 689 969 illis
713 921 952 984 opusculis
978 936 1085 983 quae
1118 920 1394 969 Aristoteles
1425 921 1485 968 de
1523 936 1643 984 prae-

152 1008 301 1071 cipuis
325 1007 592 1054 Graecorum
614 1005 885 1053 civitatibus
905 1012 1265 1067 composuerat;
1291 1005 1418 1066 quod
1448 1003 1645 1050 Ὀπουν-

153 1093 269 1138 τίων
292 1090 529 1136 πολιτεία
559 1095 658 1136 erat
684 1087 978 1150 inscriptum.
1010 1088 1100 1135 Sed
1138 1102 1199 1135 ex
1227 1089 1307 1135 illo
1334 1088 1449 1134 nihil
1475 1088 1536 1135 ad
1560 1102 1645 1134 nos

157 1174 394 1237 pervenit,
445 1173 534 1220 nisi
573 1172 832 1234 fragmenta
871 1172 1088 1234 quaedam
1126 1187 1152 1218 a
1187 1173 1446 1229 Strabone,
1493 1171 1643 1233 Hezy-

156 1257 280 1315 chio,
304 1263 416 1315 etc.,
433 1263 620 1303 servata
634 1253 727 1318 (3).
747 1253 840 1302 Alii
858 1269 972 1302 vero
988 1255 1267 1318 scriptores,
1292 1255 1379 1302 etsi
1401 1255 1461 1302 de
1484 1254 1648 1316 Opun-

158 1339 233 1386 tiis
253 1338 504 1401 separatim
529 1352 623 1386 non
639 1338 983 1396 disseruerunt,
1010 1353 1172 1386 eorum
1192 1347 1345 1386 tamen
1368 1338 1611 1385 historiam
1634 1375 1645 1396 ,

158 1421 368 1468 instituta
388 1456 402 1480 ,
432 1434 586 1468 mores
611 1420 766 1468 obiter
794 1420 930 1467 nobis
959 1420 1281 1480 tradiderunt,
1315 1421 1559 1483 multaque
1587 1436 1649 1468 ex

157 1504 422 1562 Herodoto,
451 1502 725 1566 Thucydide
747 1539 759 1562 ,
790 1503 1105 1566 Xenophonte
1127 1540 1139 1561 ‚
1170 1504 1390 1567 Polybio,
1422 1504 1646 1562 Diodoro,

158 1587 314 1645 Livio,
338 1587 555 1650 Scylace,
584 1587 839 1645 Strabone,
869 1587 1123 1644 Pausania,
1151 1587 1417 1635 scholiastis
1461 1587 1650 1636 Homeri

158 1669 439 1732 Pindarique
466 1669 526 1717 de
553 1683 698 1732 parva
726 1669 803 1716 illa
831 1677 972 1731 gente
999 1670 1244 1717 discimus.

224 1753 452 1800 Praeterea
478 1789 490 1811 ‚
562 1753 879 1800 monumentis
941 1753 1011 1800 usi
1068 1768 1247 1800 sumus.
1316 1754 1430 1801 Nam
1491 1755 1611 1801 tituli
1636 1791 1649 1812 ,

159 1850 427 1898 quanquam
463 1836 731 1899 paucissimi
770 1836 816 1882 in
855 1836 946 1883 illis
987 1837 1259 1898 regionibus
1300 1837 1480 1884 inventi
1510 1845 1649 1895 sunt,

160 1919 437 1982 scriptorum
482 1919 748 1967 testimonia
795 1920 911 1966 mire
961 1921 1272 1968 corroborant
1315 1927 1397 1966 aut
1438 1920 1649 1982 explent.

160 2002 338 2050 Deinde
376 2016 636 2051 marmorea
675 2017 850 2065 opera,
888 2016 1032 2061 vasa,
1076 2001 1243 2050 fictiles
1280 2001 1470 2064 figurae,
1512 2003 1653 2050 etiam

161 2086 340 2132 nummi
383 2085 430 2132 in
476 2086 578 2148 ipso
618 2085 930 2148 Opuntiorum
973 2099 1087 2147 agro
1131 2087 1303 2149 reperti
1350 2100 1435 2134 nos
1484 2086 1656 2134 docent

203 2283 251 2326 (1)
267 2282 396 2323 Strab„
420 2281 486 2324 IX,
507 2283 579 2317 416.

203 2342 252 2385 (2)
274 2342 470 2385 Aliquoties
488 2342 588 2386 Opus
606 2344 765 2388 Λοκρίδος
789 2344 988 2388 μητρόπολις
1014 2345 1222 2387 appellatur.
1244 2343 1288 2378 V.
1313 2345 1423 2379 schol.
1446 2344 1563 2384 pind„
1588 2344 1654 2385 01..

164 2402 230 2443 IX,
249 2402 301 2443 86,
324 2402 378 2436 ed.
399 2401 537 2444 Heyne,
558 2402 728 2442 Londini,
754 2403 856 2444 18243
878 2404 926 2437 cf.
945 2403 1074 2445 strab„
1092 2404 1164 2443 IX,
1185 2405 1259 2438 425.
1283 2423 1321 2429 -
1339 2404 1390 2438 De
1406 2406 1471 2439 hac
1489 2404 1658 2447 Opuntio-

165 2471 244 2495 rum
263 2466 298 2496 et
320 2461 644 2504 Epicnemidiorum
667 2464 910 2504 connexione,
942 2473 977 2496 v.
996 2463 1148 2501 Boeckh.
1179 2466 1213 2498 G.
1235 2466 1261 2498 1.
1289 2466 1347 2506 G.,
1375 2465 1410 2505 1,
1435 2475 1471 2508 p.
1491 2466 1573 2507 855;
1609 2467 1656 2500 cf.

165 2521 289 2563 Allan,
316 2522 364 2555 De
382 2522 527 2556 dialecto
548 2523 784 2562 Locrensium.
812 2523 905 2566 apud
925 2523 966 2556 G.
987 2522 1147 2566 Curtius,
1173 2526 1320 2558 Studien
1344 2534 1410 2558 zur
1436 2526 1562 2567 qriech.
1584 2527 1657 2559 und

167 2581 284 2616 latein-
305 2581 468 2622 Gramm„
490 2582 554 2623 ΙΙΙ,
575 2593 610 2626 p.
627 2582 781 2616 207-210.

208 2641 253 2683 (3)
268 2640 396 2683 Strab„
415 2641 503 2684 Vn,
524 2642 584 2675 322
601 2657 608 2680 ς
630 2642 803 2685 Hezych.,
822 2653 850 2676 s.
870 2653 904 2676 v.
929 2643 1157 2682 ΙἌσπετος.
1178 2661 1218 2669 -
1238 2643 1444 2678 Secundum
1464 2644 1658 2688 Diogenem

169 2700 363 2740 Ister-thim,
384 2702 591 2736 Aristoteles
609 2701 754 2736 CLVIII
783 2703 999 2741 Πολιτείας
1025 2705 1294 2746 conscripserat.
1323 2703 1368 2737 V.
1396 2703 1497 2746 Diog.
1529 2704 1658 2745 Laert.‚

172 2760 272 2803 Vim,
291 2759 336 2802 V,
359 2760 388 2803 1,
406 2760 458 2802 27,
478 2761 533 2795 ed.
554 2760 673 2796 Didot.
