1916 3198
170 2497 186 2560 l

900 823 1082 871 CAPUT
1117 825 1173 872 11.

374 1059 432 1092 DE
466 1058 762 1094 OPUNTIORUM
797 1059 1030 1104 CIVITATE,
1068 1058 1256 1094 LEGIBUS
1292 1059 1440 1099 ATQUE
1475 1058 1695 1092 MORIBUS.

354 1268 498 1316 Paulo
529 1269 660 1330 plura
703 1270 763 1315 de
800 1268 1114 1330 Opuntiorum
1151 1268 1370 1324 civitate,
1418 1267 1603 1328 legibus
1642 1267 1784 1314 mori-

289 1352 474 1413 busque
508 1351 631 1398 tituli
669 1359 715 1397 et
750 1351 932 1412 antiqui
970 1365 1055 1398 nos
1085 1351 1338 1413 scriptores
1377 1351 1579 1410 doeent3
1631 1365 1782 1412 quan-

287 1448 427 1495 quam
451 1441 497 1480 et
522 1433 598 1480 hic
621 1448 748 1496 saepe
777 1435 859 1480 lux
885 1433 1043 1482 deficit
1066 1448 1152 1480 nee
1177 1434 1311 1480 facile
1332 1441 1403 1481 est
1426 1433 1786 1496 deprehendere

286 1533 381 1579 quo
409 1518 569 1578 modo,
590 1518 726 1564 annis
755 1518 1042 1575 labentibus,
1061 1518 1186 1565 illius
1211 1518 1371 1580 populi
1391 1519 1586 1564 πολιτεία
1609 1524 1787 1565 mutata

291 1601 449 1648 suerit.

353 1685 387 1732 1.
423 1712 487 1719 —-
513 1685 722 1732 Heroieis
751 1685 1064 1746 temporibus,
1087 1684 1303 1747 Opuntii,
1329 1685 1450 1731 sicut
1473 1698 1637 1731 omnes
1658 1684 1786 1731 Grae-

288 1769 374 1815 ciae
401 1769 638 1827 civitates,
663 1783 820 1828 regem
845 1768 1133 1815 habuerunt.
1159 1768 1223 1814 lta
1246 1768 1543 1814 Deucalionis
1572 1775 1789 1829 nepotes,

287 1851 514 1914 Physeus‚
539 1852 729 1908 Locrus,
753 1851 880 1912 Opus
907 1865 1104 1911 regnum
1134 1859 1328 1898 tenuere
1347 1849 1440 1914 (l).
1461 1851 1629 1897 Strabo
1652 1865 1787 1906 vero,

288 1934 348 1981 de
375 1934 516 1995 AJace
546 1934 752 1990 loeutus,
784 1934 932 1982 verbo
961 1932 1196 1980 ἐέασίλευσε
1227 1934 1372 1980 utitur
1396 1932 1471 1996 (2)
1496 1950 1505 1979 :
1531 1940 1577 1980 et
1607 1933 1681 1980 hic
1709 1934 1792 1994 igi-

290 2024 364 2064 tur
392 2032 474 2064 rex
501 2017 814 2079 Opuntiorum
845 2017 947 2063 tuit.
974 2017 1127 2063 Unum
1158 2032 1271 2078 ergo
1302 2017 1501 2073 ducem,
1535 2032 1677 2063 unuin
1707 2017 1792 2064 do-

292 2100 467 2147 minum
505 2100 692 2146 militari
723 2106 953 2162 potestate
983 2099 1232 2161 praeditum
1267 2100 1311 2146 in
1346 2099 1558 2162 opuntiae
1587 2099 1795 2147 historiae

290 2183 553 2243 originibus
582 2183 866 2230 invenimus.
893 2183 1043 2238 Quem
1078 2183 1254 2230 circum
1284 2184 1558 2246 optimates,
1590 2191 1640 2230 ut
1666 2184 1796 2231 vide-

292 2274 384 2324 tur,
410 2274 544 2314 erant
570 2267 833 2328 glomerati.
861 2268 974 2314 Nam
999 2274 1182 2314 veteres
1208 2267 1273 2312 illi
1302 2269 1425 2326 Λαοί,
1456 2282 1482 2314 e
1509 2267 1744 2329 lapidibus
1767 2281 1793 2314 a

291 2350 575 2398 Deucalione
601 2350 877 2414 Pyrrbaque
906 2350 1044 2411 jactis
1072 2350 1253 2409 exorti,
1281 2350 1510 2398 delectam
1539 2350 1792 2412 quamdam

292 2433 534 2482 hominum
563 2440 751 2495 gentem
778 2441 1067 2495 genuerant,
1097 2448 1204 2496 quae
1232 2434 1400 2482 ceteris
1429 2433 1633 2494 regionis
1664 2434 1794 2481 inco-

300 2517 354 2563 lis
391 2517 621 2580 principio
649 2531 742 2566 non
770 2517 1024 2566 commixta
1058 2524 1153 2576 est,
1183 2517 1266 2565 sed
1302 2532 1407 2564 cum
1444 2516 1629 2564 civibus
1656 2517 1738 2578 qui
1767 2531 1794 2564 e

334 2702 381 2745 (l)
400 2700 447 2736 V.
470 2712 588 2746 supra.
610 2714 644 2746 p.
666 2704 696 2745 Λ,
719 2713 793 2746 sqq.

334 2762 380 2803 (¹2)
397 2762 527 2803 Strub„
546 2762 611 2806 lx,
629 2762 699 2798 ⁴25.
