1916 3198
620 232 672 260 ns
701 231 834 261 ansus
863 229 1154 260 OPUNTIORUM.
1612 213 1637 254 9

146 315 287 376 nigne
313 314 484 361 Locrus
510 310 724 372 excepit,
754 323 946 371 quoque
981 307 1276 355 familiariter
1304 321 1416 354 usus
1448 312 1520 354 est
1553 305 1633 367 (l).

209 397 548 457 Quodcumque
569 394 630 441 de
650 391 842 456 pacifica
868 393 946 439 illa
968 391 1175 453 regionis
1194 391 1503 453 occupatione
1526 404 1636 437 cen-

145 495 249 528 sere
274 485 482 542 oportet,
511 477 679 525 iisdem
707 477 853 524 ferme
881 475 1172 538 temporibus
1199 474 1388 522 condita
1415 483 1486 521 est
1519 473 1637 521 Ozo-

145 563 292 610 larum
320 562 520 610 colonia.
546 561 612 607 Ita
633 574 804 622 nempe
830 575 888 606 ex
922 559 1162 606 veteribus
1190 558 1362 605 fabulis
1388 558 1632 604 discimus,

143 645 255 692 Cum
279 645 452 694 Locrus
478 650 524 692 et
545 643 673 706 Opus
699 644 744 690 in
772 642 1077 691 domesticam
1107 642 1361 703 quamdam
1387 641 1639 688 dissensio·

144 743 250 776 nem
276 728 567 786 incidissent,
591 742 618 774 a
642 742 786 788 regno
811 734 944 789 pater
969 741 1020 773 se
1045 725 1303 782 abdicavit,
1333 724 1636 786 collectisque

143 813 310 870 sociis,
342 812 581 873 regionem
619 811 752 874 petiit
788 824 896 872 quae
923 810 1013 856 sub
1050 809 1306 866 Parnasso,
1332 809 1391 855 ad
1418 822 1635 856 occasum

143 882 273 953 solis,
297 896 384 942 sita
409 902 495 942 est.
525 895 615 942 Sed
641 894 906 956 Apollinem
934 900 1071 940 antea
1102 892 1294 954 Delphis
1313 892 1632 949 consuluerat,

143 979 281 1041 eique
306 979 613 1041 responderat
647 978 811 1041 Pythia
850 978 1013 1024 urbem
1054 976 1098 1022 i⁴n
1134 976 1222 1024 hoc
1260 977 1362 1024 loco
1394 975 1635 1023 aedifican-

143 1064 250 1111 dam
277 1077 410 1123 esse,
449 1063 495 1109 in
522 1076 617 1124 quo
644 1062 798 1122 lignea
827 1075 943 1108 cane
971 1074 1156 1108 morsus
1181 1067 1322 1107 esset.
1351 1060 1464 1106 Cum
1496 1059 1638 1119 igitur

142 1147 429 1210 cynosbaton
457 1146 750 1204 calcavisset,
781 1144 1022 1192 oraculum
1053 1144 1295 1206 impletum
1320 1151 1466 1199 ratus,
1489 1143 1638 1206 Phys-

143 1245 248 1277 cum
275 1237 355 1277 aut
390 1231 620 1294 Physces,
652 1229 944 1292 Hyantheam
973 1228 1189 1289 aliasque
1222 1227 1467 1275 Ozolarum
1498 1228 1638 1274 urbes

144 1313 355 1360 condidit
385 1312 475 1376 (2).
513 1313 607 1359 Nec
641 1312 787 1359 multo
824 1318 955 1374 post,
994 1311 1102 1358 sine
1130 1311 1304 1368 dubio,
1336 1311 1447 1358 novi
1482 1311 1528 1356 in
1566 1310 1639 1357 his

146 1397 259 1444 locis
285 1396 596 1444 constiterunt
620 1396 795 1454 coloni,
821 1402 868 1442 et
893 1394 1186 1441 Andraemon
1205 1395 1396 1456 quidam
1424 1393 1641 1456 Amphis·

144 1494 241 1526 sam
267 1481 504 1536 extruxit,
535 1479 598 1526 ita
629 1494 655 1525 e
684 1479 925 1526 montibus
953 1478 1129 1539 quibus
1153 1478 1481 1524 circumcincta
1508 1484 1636 1535 erat,

144 1563 423 1625 appellatam
468 1561 559 1626 (3).
611 1562 858 1610 Ozolarum
909 1568 1071 1607 autem
1117 1574 1379 1621 cognomen
1423 1560 1502 1606 alii
1547 1560 1640 1608 alio

145 1645 285 1693 modo
312 1646 436 1708 apud
470 1646 689 1706 antiquos
727 1644 1159 1706 interpretabantur
1188 1661 1198 1689 ι
1230 1644 1420 1705 quidam
1455 1644 1579 1691 enim
1613 1658 1640 1690 e

144 1729 307 1787 Nesso,
331 1729 522 1790 quidam
545 1744 572 1776 e
591 1728 802 1791 Pythone
824 1729 994 1775 Locros
1015 1729 1076 1774 ita
1098 1728 1249 1774 dictos
1267 1728 1634 1786 contendebant,

144 1826 249 1858 cum
274 1813 485 1859 centauri
509 1812 839 1874 serpentisque
866 1812 1117 1868 cadavera,
1145 1811 1315 1857 mediis
1337 1811 1397 1858 de
1419 1810 1638 1858 fluctibus

145 1895 314 1954 rejecta
341 1902 386 1941 et
411 1895 456 1941 in
485 1895 638 1942 tabem
661 1895 866 1956 dilapsa,
892 1908 999 1940 aera
1023 1894 1262 1955 quondam
1281 1894 1634 1955 corrupissent3

146 1977 256 2024 inde
281 1977 470 2037 Ozolas,
501 1979 547 2024 id
572 1986 643 2025 est
667 1979 1026 2039 graveolentes,
1055 1978 1232 2025 incolas
1260 1985 1450 2025 vocatos
1473 1978 1633 2027 luisse.

146 2059 235 2106 Alii
264 2075 379 2108 vero
401 2061 545 2123 pelles
568 2062 688 2108 male
712 2069 857 2109 tersas
883 2062 1179 2119 incusabant,
1203 2062 1375 2122 quibus
1400 2061 1637 2122 indigenae

189 2211 234 2255 (1)
252 2212 370 2253 pind„
395 2213 462 2252 ol..
479 2212 542 2254 IX,
567 2212 623 2245 104
643 2222 718 2255 sqq.
740 2212 840 2253 Quod
857 2215 1085 2247 confirmatur
1100 2217 1143 2247 ab
1164 2214 1309 2248 Homeri
1330 2215 1530 2251 scholiasta.
1546 2216 1639 2257 apud

146 2281 248 2315 quem
265 2273 331 2306 hoc
349 2273 392 2306 de
409 2271 576 2306 Menoetio
594 2274 710 2314 legere
726 2275 790 2313 est,
813 2274 848 2305 in
870 2274 923 2313 ll„
947 2273 1043 2312 XVI,
1070 2274 1103 2307 14
1125 2286 1132 2307 ε
1152 2275 1323 2312 Μενοίτιος
1341 2276 1376 2308 δὲ
1395 2276 1578 2315 ἀποικήσας
1596 2277 1639 2314 εἰς

150 2333 316 2366 Ὀποῦντα
331 2333 523 2376 Πάτροκλον
546 2333 738 2366 ἐτέκνωσεν.

187 2392 233 2434 (2)
254 2391 361 2432 Plut.,
387 2393 506 2431 Quaest.
524 2401 633 2433 yroec„
658 2391 716 2429 15;
738 2391 895 2434 Didym.‚
917 2402 973 2435 ap.
994 2392 1138 2430 Athen„
1162 2393 1208 2433 11,
1229 2404 1262 2436 p.
1282 2392 1323 2426 70
1340 2402 1382 2430 c;
1403 2391 1578 2434 Eustatn„
1597 2394 1640 2427 1η

147 2452 202 2492 1ῑ.,
234 2463 268 2495 p.
297 2451 380 2490 277;
409 2450 529 2494 steph.
560 2451 668 2493 Byz.,
701 2461 728 2484 s.
759 2462 793 2485 v.
823 2454 994 2490 Φύσκος.
1027 2453 1090 2486 Ait
1118 2452 1330 2486 Plutarchus
1361 2453 1512 2486 Locrum
1544 2454 1639 2487 hunc

104 2540 106 2543 .
148 2510 282 2553 Physci
297 2511 353 2544 vel
373 2510 520 2552 Physcii
545 2511 672 2549 filium,
696 2513 901 2552 patremque
923 2510 1067 2544 alterius
1089 2512 1191 2544 Locri
1212 2512 1340 2550 fuisse,
1365 2521 1385 2543 a
1411 2520 1480 2552 quo
1502 2511 1637 2544 dissen-

149 2571 239 2603 tiens
255 2597 261 2606 .
292 2569 467 2612 Opuntem
486 2571 616 2612 fugerit
639 2573 742 2613 atque
762 2569 888 2603 Ozolas
907 2571 1116 2604 condiderit.
1136 2571 1184 2604 At
1201 2570 1409 2603 Eustathius
1425 2573 1548 2603 contra
1568 2570 1638 2604 Lo-

148 2639 248 2663 crum
265 2640 286 2663 a.
305 2639 374 2672 quo
394 2631 555 2663 instituta
572 2634 625 2664 est
641 2630 828 2664 Ozolarum
849 2631 988 2663 colonia
1006 2656 1013 2666 .
1043 2631 1155 2663 filium
1183 2631 1347 2663 habuisse
1368 2630 1472 2662 tradit
1496 2631 1638 2663 nomine

148 2686 337 2729 Opuntem.
358 2688 537 2730 Quidquid
558 2689 594 2721 id
614 2692 678 2730 est,
699 2688 889 2723 Ozolarum
909 2692 1056 2730 οἰκιστής
1077 2689 1210 2726 Locrus
1231 2692 1306 2723 erat
1323 2690 1532 2732 appellatus.

193 2745 238 2788 (3)
254 2747 415 2788 Aristot.‚
435 2757 491 2790 ap.
512 2747 696 2791 Harpocr.‚
719 2758 747 2781 s.
769 2759 803 2783 v.
829 2750 928 2793 Ἀμφ
942 2762 1054 2783 ισσα.
