1916 3198
21 120 59 149 ἐξ

24 2079 67 2434 ang-Q-‘tss‘xwvfimss
24 2141 27 2147 ’
19 1959 63 2108 fta-*7⁶4
35 1763 54 1937 *W
51 1741 53 1746 .
18 1667 50 1683 s
22 1648 25 1654 ’
20 1614 23 1634 ⁴¹
47 1559 49 1561 -
47 1475 49 1478 Α

36 0 154 116 w..

293 251 345 280 nu
373 249 649 280 opuwrmnuu
678 248 897 286 mvrrxrss,
930 247 1106 276 Lamnus
1135 246 1274 282 A'rouss
1303 245 1501 276 uomnus.
1600 233 1650 274 75

159 329 272 376 lium
299 327 522 390 opuntius
552 340 698 388 eques
726 325 938 372 victoriae
965 338 1106 372 causa
1142 325 1229 371 tuit
1255 323 1336 387 (l).
1369 324 1462 370 Nec
1488 322 1650 385 procul

156 413 340 475 Opunte
365 410 574 473 equariae
599 416 734 457 erant
759 407 859 473 (2>;
893 424 1062 472 nempe
1088 408 1313 471 opuntius
1339 421 1532 470 campus
1564 406 1649 453 mi-

86 540 90 542 ,
157 511 259 543 rum
289 495 423 556 equis
447 494 650 556 spatium
679 493 1033 556 suppeditabat.

221 578 410 641 Opuntii
461 583 648 635 autem,
687 577 906 638 agricolae
952 590 1097 639 prope
1130 575 1395 638 Opuntem,
1435 580 1648 636 pastores

157 675 271 708 vero
307 660 353 706 in
389 659 626 707 montibus
660 660 790 715 facti,
821 660 974 719 gentis
1013 659 1218 706 robustae
1253 657 1483 718 durisque
1519 657 1648 704 labo-

158 745 288 791 ribus
316 743 537 791 exercitae
563 743 767 805 speciem
796 743 1017 790 offerunt.
1045 742 1199 798 Quare
1225 740 1351 802 apud
1379 754 1487 796 eos,
1515 747 1652 787 sexto

156 843 201 876 a.
231 827 280 875 C.
315 843 363 874 n.
393 827 576 885 seculo,
605 827 873 874 invenimus
906 826 1127 873 athletam
1163 839 1188 871 a
1213 824 1414 871 Pindaro
1446 823 1651 870 illustra-

156 918 278 969 tum,
313 910 671 972 Epharmostum
711 910 915 966 scilicet,
945 909 1026 970 qui
1062 911 1297 960 παλαιστῆς
1332 913 1459 963 erat,
1497 920 1653 967 neque

154 994 384 1057 Olympiae
409 993 549 1040 modo
577 994 782 1050 vicerat,
813 993 895 1040 sed
926 993 973 1038 in
997 991 1225 1050 Isthmiis‚
1256 990 1423 1038 eodem
1451 989 1528 1036 die
1557 1003 1652 1050 quo

154 1076 548 1139 Lampromachus
587 1077 757 1134 frater,
796 1075 969 1122 athleta
1006 1082 1053 1122 et
1090 1075 1189 1137 ipse
1223 1074 1511 1121 clarissimus
1545 1070 1649 1135 (3);

156 1167 251 1207 tum
279 1159 486 1208 Corinthi
512 1174 705 1222 quoque
723 1167 768 1206 et
783 1160 970 1206 Nemeae
986 1157 1216 1222 (4)atque
1229 1158 1287 1204 ad
1304 1157 1455 1218 Argos
1475 1156 1652 1218 palmas

154 1243 405 1302 retulerat,
436 1250 483 1290 et
508 1242 710 1290 Athenis
741 1257 856 1305 puer
889 1242 1040 1289 victor
1068 1248 1282 1289 evaserat
1308 1239 1413 1304 (5);
1445 1255 1531 1287 nec
1558 1254 1651 1287 non

155 1335 201 1375 et
235 1325 534 1383 Marathone,
565 1326 778 1373 Herculis
814 1326 943 1373 sestis
970 1324 1072 1388 (6),
1102 1332 1148 1372 et
1183 1325 1308 1387 apud
1347 1323 1649 1382 Parrhasios,

152 1409 280 1458 Jovis
306 1409 457 1472 Lycaei
492 1409 769 1457 solennibus
791 1410 864 1470 (7)
882 1446 893 1467 ‚
927 1416 973 1455 et
1001 1409 1212 1456 Pellenes
1234 1407 1309 1471 (8)
1338 1414 1384 1454 et
1410 1407 1580 1454 Thebis
1606 1414 1653 1453 et

153 1493 374 1540 Eleusine
405 1500 656 1540 coronatus
687 1494 838 1539 fuerat
865 1492 957 1555 (9).

219 1576 517 1623 Laudabatur
541 1591 730 1638 quoque
754 1576 878 1639 apud
903 1576 1132 1638 Opuntios
1159 1575 1279 1621 alius
1303 1574 1497 1632 athleta,
1519 1574 1654 1620 Rexi-

153 1660 258 1708 bius
297 1675 465 1722 nempe
497 1664 856 1724 παγκρατιαστῆς,
897 1661 976 1721 qui
1011 1660 1132 1707 circa
1163 1659 1234 1706 Ol.
1276 1659 1370 1705 LXI
1407 1658 1646 1705 floruerat.

151 1743 290 1804 Cujus
317 1750 470 1790 statua
494 1743 741 1806 Olympiae,
766 1743 1010 1790 Pausaniae
1037 1743 1175 1790 etiam
1206 1750 1434 1805 tempore,
1462 1742 1651 1803 conspi-

155 1827 393 1885 ciebatur3
437 1834 535 1873 erat
563 1834 719 1874 autem
760 1828 914 1888 lignea
945 1827 1210 1888 mirumque
1245 1826 1394 1874 oculis
1421 1826 1649 1887 antiquis-

157 1910 289 1958 simae
315 1910 428 1956 artis
452 1911 696 1974 exemplar
722 1911 950 1958 offerebat
975 1909 1100 1974 (⁴0).

219 1993 431 2041 Ceterum
466 1994 592 2056 apud
628 2009 792 2042 omnes
823 1994 1011 2042 Graecos
1037 1994 1346 2057 Opuntiorum
1385 1994 1529 2041 robur
1564 1993 1650 2039 mi-

197 2198 241 2240 (l)
261 2201 302 2231 V.
323 2208 440 2241 supra,
462 2210 496 2241 p.
514 2199 567 2232 22.

196 2257 241 2299 (2)
264 2257 427 2295 Aristot„
449 2259 536 2292 Hist.
559 2260 684 2300 anim„
710 2258 774 2299 vl,
793 2259 847 2297 22,
867 2260 897 2298 5,
918 2260 974 2292 ed.
994 2259 1109 2292 Didot.

200 2315 244 2358 (3)
263 2316 380 2356 Ρίιιᾱ.,
408 2317 473 2357 Ol.,
496 2318 562 2356 lX,
582 2318 638 2352 123
661 2328 736 2360 sqq.

200 2375 247 2418 (4)
264 2375 329 2416 Id.,
349 2376 447 2416 ibid„
475 2377 625 2411 128-132.

201 2434 248 2476 (5)
263 2435 330 2473 Id.,
347 2435 447 2474 ibid..
470 2436 540 2477 132,
561 2436 632 2470 133.

198 2493 243 2536 (6)
262 2493 329 2535 Id.,
349 2495 450 2533 ibid..
471 2495 529 2529 134
547 2506 622 2539 sqq.

199 2553 246 2595 (7)
264 2553 333 2595 Id.,
352 2554 456 2596 ibid„
473 2555 532 2588 143
551 2565 626 2598 sqq.

200 2612 249 2654 (8)
268 2612 336 2651 Id.,
356 2613 455 2652 ibid„
475 2613 535 2648 146
557 2624 632 2658 sqq.

202 2672 248 2715 (9)
265 2672 332 2710 Id.,
353 2672 452 2713 ibid..
479 2673 537 2708 148
556 2684 631 2717 sqq.

170 2747 172 2750 >
204 2730 269 2774 (10)
291 2731 456 2774 Pausan„
475 2731 539 2775 VI,
563 2732 612 2774 18,
630 2733 663 2768 7.
