1916 3198
598 257 650 286 nn
677 256 809 286 annus
831 254 1124 286 opum-mauu.
1566 241 1613 283 31

122 339 192 387 las
227 346 470 395 numerat,
505 349 775 399 quanquam
812 350 838 382 e
874 335 1182 397 reliquiarum
1227 334 1319 381 situ
1363 334 1614 381 Locrorum

122 421 267 468 fuisse
286 420 473 468 videtur
484 417 575 482 (t).
593 418 819 480 Daphnus
835 432 949 465 vero
974 418 1056 464 diu
1074 418 1122 464 in
1140 416 1451 464 Phocensium
1471 416 1620 463 mani-

123 504 210 552 bus
237 503 406 551 mansit
433 500 520 566 (2).

186 586 299 633 Cum
319 585 485 632 Strabo
503 585 730 632 Graeciam
759 586 1015 643 inviseret,
1041 584 1279 647 praecipua
1302 583 1614 646 Opuntiorum

121 676 262 732 atque
280 664 708 732 Epicnemidiorum
740 669 843 716 haec
878 675 1019 716 erant
1043 668 1233 731 oppida.
1264 668 1333 714 Ex
1366 666 1618 715 homericis

121 753 317 800 urbibus
345 753 472 800 nulla
508 767 654 815 prope
690 754 787 814 J'am
826 753 1026 800 extabat
1051 769 1061 798 z
1090 751 1303 810 Calliari,
1333 751 1492 810 Besae,
1520 750 1616 796 Au-

121 851 312 898 gearum
339 837 456 884 situs
486 843 662 883 tantum
693 838 1044 898 agnoscebatur
1069 834 1162 898 (3).
1190 835 1252 882 At
1274 836 1385 882 urbs
1407 834 1615 897 Tarphe,

121 920 168 966 in
197 920 348 979 colle,
374 920 499 967 haud
528 920 688 982 procul
722 935 748 967 a
775 920 1015 978 Thronio,
1047 920 1216 982 posita,
1247 919 1386 966 etiam
1416 927 1512 965 tum
1541 933 1619 981 ap-

122 1003 343 1066 parebat,
373 1017 535 1050 verum
564 1003 630 1049 illi
654 1018 826 1050 nomen
855 1011 956 1050 erat
984 1003 1212 1066 Pharygac
1240 1001 1330 1065 (4).
1356 1002 1503 1064 Opus,
1532 1002 1620 1064 Cy-

122 1100 237 1144 nus,
285 1084 434 1148 Alope
455 1121 470 1149 ,
517 1086 773 1134 Thronium
795 1123 807 1145 ,
853 1087 1011 1149 Naryx
1031 1122 1044 1145 ,
1095 1086 1338 1148 Alponus,
1385 1085 1619 1148 Scarphea

122 1166 288 1232 (quam
313 1169 543 1217 Homerus
575 1170 816 1232 Scarphen
855 1169 1058 1233 vocat),
1100 1170 1305 1216 stabant.
1347 1169 1470 1216 Inter
1504 1169 1621 1216 alias

121 1259 277 1299 autem
305 1253 476 1316 urbes,
503 1253 728 1315 Daphnus
760 1254 856 1314 ,iam
894 1253 1049 1300 diruta
1074 1253 1262 1314 jacebat
1298 1253 1401 1313 (5);
1431 1253 1616 1311 Nicaea,

122 1335 535 1398 Thermopylarum
575 1335 800 1400 finitima,
843 1337 975 1384 salva
1018 1344 1120 1383 erat
1159 1335 1251 1398 (6).
1295 1337 1360 1383 De
1397 1337 1621 1383 Cnemide

125 1433 216 1466 non
246 1419 530 1466 mentionem
559 1420 667 1466 facit
704 1420 871 1467 Strabo
890 1455 902 1477 ,
938 1434 965 1466 a
1002 1420 1196 1482 Scylace
1228 1427 1484 1466 memorata
1515 1418 1618 1482 (7),

124 1515 276 1562 neque
313 1501 373 1548 de
419 1502 715 1550 Percotharia
749 1517 803 1549 ac
847 1503 1129 1565 Mysacheo,
1170 1517 1281 1564 quae
1317 1503 1622 1563 galaxidiano

122 1585 257 1632 titulo
277 1585 480 1632 citantur
505 1586 596 1646 (8).
627 1586 756 1633 Halae
776 1586 986 1647 denique
1000 1594 1046 1633 et
1068 1587 1300 1649 Larymna
1324 1623 1335 1645 ,
1368 1587 1406 1632 si
1429 1587 1619 1648 quidem

122 1668 243 1715 inter
263 1669 513 1717 Locrorum
542 1669 714 1731 oppida
742 1677 858 1716 sunt
883 1670 1275 1728 annumerandae,
1308 1671 1514 1717 nondum
1542 1685 1620 1732 pe-

122 1743 314 1799 rierant.

186 1835 299 1882 Tum
326 1845 483 1898 postea
502 1872 513 1893 ,
553 1837 800 1884 desinente
818 1837 916 1898 jam
949 1838 1163 1884 secundo
1191 1853 1238 1899 p.
1270 1838 1318 1884 C.
1348 1853 1395 1885 n.
1426 1839 1618 1897 seculo,

121 1932 226 1966 cum
254 1918 355 1966 haec
379 1919 478 1967 loca
498 1919 752 1967 Pausanias
774 1928 1074 1983 peragraret,
1102 1914 1266 1969 multae
1290 1936 1348 1969 ex
1373 1922 1464 1968 illis
1488 1922 1620 1970 urbi-

19 2053 21 2065 Ι
123 2002 210 2049 bus
241 2009 374 2049 erant
401 2004 591 2050 excisae.
628 2004 742 2050 Nam
769 2004 829 2051 de
851 2004 1044 2066 Opunte
1071 2012 1268 2062 tantum,
1293 2005 1441 2068 Cyno,
1468 2006 1618 2064 Halis‚

20 2149 21 2158 ἵ
101 2084 379 2147 Larymna,
426 2085 659 2145 Thronio,
703 2086 941 2149 Scarphea
986 2087 1241 2135 Pausanias
1289 2088 1526 2150 loquitur,
1576 2095 1623 2134 et

125 2237 269 2278 dicunt,
289 2247 323 2271 v.
345 2237 542 2280 Caillemer,
566 2240 808 2274 Dictionnaire
824 2240 880 2273 des
899 2240 1087 2282 antiquitds
1106 2249 1261 2281 yrecques
1281 2245 1310 2273 rt
1328 2241 1519 2280 romaines,
1540 2250 1567 2273 s.
1587 2250 1619 2274 v.

123 2295 307 2330 Boeoticum
323 2296 447 2340 soedus,
469 2308 502 2340 p.
532 2298 601 2340 174,
622 2300 690 2332 col.
712 2299 743 2331 2.

166 2355 212 2398 (1)
229 2355 362 2395 strab..
382 2354 445 2394 IX.
469 2357 540 2391 405.

167 2415 210 2458 (2)
230 2415 295 2456 Id„
318 2416 380 2455 IX,
400 2416 473 2450 416.

90 2488 96 2493 ·
165 2472 209 2516 (3)
231 2473 297 2515 Id„
317 2475 380 2514 IX,
401 2475 472 2508 426.

24 2535 25 2583 ζ
108 2543 110 2546 -
163 2531 208 2574 (4)
228 2532 293 2573 m„
314 2533 398 2566 ibid.

166 2591 213 2634 (5)
230 2585 296 2630 Id..
315 2592 380 2633 IX,
402 2593 473 2627 424.

167 2650 210 2693 (6)
234 2651 298 2692 1d.‚
320 2651 384 2691 IX,
406 2652 477 2685 426.

166 2709 209 2751 (7)
229 2711 368 2753 Peripl„
389 2711 441 2744 61.

163 2768 209 2811 (8)
225 2767 268 2802 V.
293 2779 410 2812 supra,
431 2780 465 2812 p.
486 2771 536 2806 19.
