1916 3198
334 265 384 305 26
855 279 908 308 nn
938 278 1083 308 Locrus
1112 278 1322 309 OPUNTHS.

333 357 491 418 copias
520 357 726 416 mittunt,
756 371 816 404 ne
835 358 956 405 ultra
979 357 1206 420 procedat
1234 358 1548 405 Macedonum
1574 357 1828 405 exercitus.

332 440 455 495 Quid
491 447 652 502 postea
689 441 926 498 evenerit,
956 456 1122 488 omnes
1157 442 1335 488 sciunt.
1369 440 1506 488 Anno
1536 439 1628 486 346
1657 420 1831 488 b‘ellum

332 523 546 571 sedatum
570 530 665 581 est,
689 530 829 586 atque
864 525 911 570 in
946 523 1355 588 Amphictyonum
1399 524 1597 572 consilio
1623 523 1833 571 Phocen-

333 607 453 654 sium
475 607 629 654 locum
657 608 906 670 occupavit
932 608 1196 670 Philippus,

398 691 663 738 Verisimile
689 699 786 748 est,
811 706 917 739 cum
952 692 1040 739 hoc
1068 698 1134 739 tot
1173 699 1336 754 gentes
1377 699 1619 740 certamen
1659 692 1834 740 sollici-

334 779 477 830 taret,
506 773 737 835 Opuntios
773 789 964 836 quoque
997 774 1136 821 valde
1171 774 1296 821 bello
1341 775 1487 821 fuisse
1515 775 1830 836 perturbatos.

335 856 544 911 Quorum
567 856 820 915 Diodorus,
844 858 923 919 qui
949 859 1190 905 confusam
1214 858 1333 905 hanc
1355 858 1598 905 historiam
1627 858 1832 922 scripsit,

335 940 620 987 mentionem
661 955 757 987 non
785 940 920 998 facit,
950 941 1033 988 sed
1063 956 1126 988 ex
1155 942 1257 1004 ipso
1283 941 1592 1004 Opuntiorum
1622 942 1742 1000 situ,
1773 956 1835 989 ex

334 1024 570 1071 bellicosis
596 1025 766 1071 animis
792 1025 1022 1087 suspicari
1061 1025 1172 1072 licet
1202 1039 1282 1073 eos
1311 1025 1470 1087 procul
1509 1025 1568 1071 ab
1601 1025 1691 1072 hoc
1722 1039 1834 1072 con-

334 1123 476 1155 cursu
504 1122 597 1155 non
626 1108 812 1156 stetisse
840 1115 1064 1156 remotos.
1092 1108 1250 1170 Usque
1285 1116 1439 1156 tamen
1471 1109 1529 1156 ad
1558 1109 1836 1156 chaeronen-

332 1207 431 1239 sem
461 1207 664 1254 pugnam
693 1190 859 1255 (338),
896 1193 1013 1254 quid
1040 1193 1100 1240 de
1128 1193 1186 1239 iis
1217 1194 1391 1239 sactum
1420 1193 1505 1255 sit,
1534 1193 1832 1254 ignoramu83

336 1291 490 1339 neque
520 1276 644 1323 illius
674 1276 826 1337 proelii
855 1277 1033 1324 scimus
1059 1291 1116 1323 au
1147 1277 1398 1339 participes
1424 1276 1683 1324 extiterint.

400 1360 439 1406 A
478 1359 678 1421 Philippi
724 1367 880 1406 autem
924 1366 1073 1406 morte
1105 1359 1238 1421 (336)
1274 1374 1425 1421 usque
1460 1359 1519 1405 ad
1559 1359 1606 1406 id
1653 1365 1838 1422 tempus

342 1459 436 1506 quo
464 1444 655 1490 libertas
689 1443 866 1491 Graecis
903 1458 928 1490 a
962 1444 1226 1491 Flaminino
1269 1444 1377 1490 data
1414 1449 1484 1490 est
1521 1441 1685 1506 (495),
1721 1442 1837 1490 nihil

335 1527 490 1584 nobis,
520 1527 579 1573 de
618 1526 930 1588 Opuntiorum
967 1526 1160 1573 historia
1198 1526 1577 1587 inquirentibuS,
1605 1527 1833 1585 occurrit,

337 1610 426 1656 nisi
473 1609 699 1656 continua
738 1610 885 1655 ferme
918 1610 1242 1656 incursionum
1281 1609 1446 1655 series.
1483 1609 1681 1655 Videtur
1712 1610 1836 1656 enim

337 1693 438 1739 haec
462 1693 591 1753 regio
617 1692 905 1738 exercitibus
933 1707 960 1738 e
985 1692 1265 1739 Macedonia
1288 1692 1320 1737 T
1326 1691 1623 1753 hessaliaque
1647 1691 1840 1738 descen·

334 1778 583 1834 dentibus,
617 1783 698 1823 aut
739 1791 799 1823 ex
843 1776 1021 1824 Boeotia
1068 1783 1209 1838 atque
1257 1776 1408 1822 Attica
1451 1776 1836 1837 erumpentibus,

338 1862 431 1907 tato
467 1861 699 1922 quodam,
730 1867 942 1921 apertum
982 1860 1072 1906 iter
1108 1859 1389 1921 praebuisse.
1421 1859 1623 1905 Primum
1662 1859 1840 1907 scilicet

335 1944 623 2002 Alexander,
656 1951 785 2005 patre
814 1953 1025 1998 mortuo,
1058 1943 1227 1999 irruit,
1253 1957 1347 2003 quo
1377 1950 1585 2004 tempore
1612 1942 1837 1990 Graeciam

336 2028 557 2087 subigere
577 2027 870 2087 aggreditur,
901 2026 1060 2073 Asiam
1081 2028 1176 2087 jam
1207 2026 1456 2088 petiturus,
1485 2033 1626 2087 atque
1652 2026 1697 2072 in
1723 2025 1841 2074 The-

345 2110 494 2157 banos
524 2110 718 2156 incurrit
740 2108 833 2172 (l).
865 2109 972 2156 Post
997 2108 1322 2156 Alexandrum
1352 2123 1490 2163 vero,
1523 2108 1647 2155 haud
1675 2109 1839 2156 absur-

339 2193 452 2240 dum
495 2200 566 2239 est
599 2193 779 2255 opinari
827 2193 1058 2255 Opuntios
1099 2192 1143 2238 in
1186 2193 1381 2239 lamiaco
1421 2193 1544 2239 bello
1589 2193 1837 2255 plurimam
1914 2191 1916 2194 ’

341 2277 630 2323 Macedoniae
654 2276 941 2323 adversariis
962 2291 1153 2338 operam
1173 2276 1470 2338 praestitisse,
1489 2276 1610 2323 etad
1634 2276 1838 2323 Lamiam

346 2360 706 2422 Cranonemque
732 2360 965 2407 sociorum
993 2360 1172 2406 cladem
1201 2359 1574 2422 participavisse.

411 2444 558 2500 Tunc,
582 2459 686 2491 cum
710 2458 734 2490 a
759 2450 1021 2490 ceterorum
1044 2444 1314 2491 Graecorum
1341 2442 1550 2490 moribus
1575 2456 1629 2490 ac
1656 2443 1841 2490 fortuna

350 2528 429 2574 diu
453 2528 651 2588 sejuncti
675 2527 892 2585 fuissent,
912 2527 1114 2590 primum
1140 2528 1184 2574 in
1207 2526 1399 2573 historia
1428 2532 1655 2588 apparent
1674 2526 1837 2586 AEtoli3

351 2626 620 2672 quanquam
652 2611 697 2657 in
727 2609 987 2658 Alexandri
1015 2610 1246 2658 adversus
1271 2609 1518 2657 Thebanos
1539 2609 1841 2671 expeditione

387 2781 435 2822 (l)
458 2779 783 2817 Pseudo-Calliam..
806 2781 832 2819 1.
855 2781 905 2821 46,
930 2780 986 2814 ed.
1012 2779 1128 2813 Didot.
