1916 3198
616 309 814 340 nnoroms
844 310 1105 340 nnscmPTm.
1567 297 1616 337 39

121 392 240 440 vult.
266 390 516 438 Pausanias
545 404 657 437 vero
687 389 819 436 addit
845 387 917 452 (1)
950 407 959 435 :
988 388 1271 436 Καταῧάντων
1299 386 1344 434 δὲ
1372 393 1408 441 ἐς
1440 393 1488 434 τὸ
1516 392 1618 450 χθα-

121 476 249 536 μαλὸν
274 475 459 535 ποταμὸς
485 473 716 524 Πλατάνιος
741 474 988 534 καλούμενος
1016 469 1228 517 ἐκδίδωσιν
1258 477 1294 524 ἐς
1317 473 1537 517 θάλασσαν.
1568 471 1614 516 Si

120 554 226 618 quis
263 556 416 612 enim,
455 555 686 616 Proskyna
719 555 1039 610 descendens,
1082 554 1254 601 clivum
1300 555 1515 615 sequitur
1555 556 1614 600 ad

121 652 248 685 mare
275 643 566 697 vergentem,
591 651 685 683 una
713 637 796 683 vix
824 636 938 683 hora
966 643 1172 698 peracta,
1200 642 1453 683 torrentem
1483 635 1614 682 inve-

121 721 212 778 nit,
251 721 359 782 qui,
399 728 450 767 ut
488 720 723 780 indigenae
760 719 919 773 aiunt,
963 733 1204 780 nunquam
1253 719 1470 765 siccatur.
1501 718 1614 764 Cum

117 810 271 850 autem
310 803 465 850 nullus
501 803 621 849 alius
659 803 788 850 rivus
821 803 994 848 circum
1034 803 1325 863 reperiatur,
1357 801 1616 848 verisimile

118 893 190 934 est
210 886 333 932 hunc
356 900 460 932 esse
481 885 760 931 Platanium.
785 884 926 944 Cujus
948 884 1008 930 ad
1032 884 1203 931 ostium
1229 885 1445 945 quaedam
1471 890 1615 945 petrae

117 970 302 1017 effossae
321 976 462 1030 atque
489 969 736 1015 innumera
763 967 974 1014 fictilium
1012 982 1167 1014 rerum
1202 968 1462 1027 fragmenta
1489 966 1615 1012 hunc

116 1052 268 1100 locum
317 1052 554 1114 quondam
606 1052 864 1098 habitatum
915 1065 1019 1097 esse
1073 1051 1314 1097 declarare
1367 1051 1609 1097 videntur.

34 1163 45 1172 ·
119 1134 253 1183 Anno
277 1135 420 1198 4875,
444 1134 751 1191 Dimitriadis,
773 1134 1084 1196 Peloponnesi
1106 1134 1437 1195 antiquitatum
1461 1139 1615 1180 custo·

116 1219 208 1266 diae
233 1225 330 1265 tum
370 1219 677 1280 praepositus,
707 1218 975 1279 sepulcrum
1007 1217 1082 1263 hic
1109 1217 1323 1279 aperuit,
1353 1218 1436 1263 sed
1474 1218 1519 1262 in
1557 1230 1613 1263 eo

117 1315 231 1348 vasa
257 1301 524 1348 communia
556 1307 733 1347 tantum
763 1307 915 1347 erant.
948 1301 1121 1347 Forsan
1160 1300 1236 1346 hic
1271 1300 1426 1346 stabat
1453 1299 1610 1356 vicus,

116 1384 251 1444 cujus
285 1397 457 1431 nomen
493 1383 552 1429 ad
582 1397 667 1430 nos
700 1397 792 1430 non
822 1383 1062 1444 pervenit,
1093 1382 1270 1443 quique
1295 1381 1479 1428 Corseae
1506 1395 1612 1442 por-

117 1474 213 1513 tum
255 1467 551 1528 suppetebat.
591 1466 684 1512 Nec
726 1465 887 1527 procul
928 1479 954 1511 a
995 1466 1221 1526 Proskyna
1259 1465 1503 1511 inventum
1542 1460 1614 1510 est

114 1549 431 1611 anaglyphum
462 1549 577 1595 mira
607 1548 810 1609 quadam
840 1555 940 1594 arte
968 1548 1212 1603 effectum,
1243 1548 1302 1594 de
1328 1562 1422 1608 quo
1450 1554 1611 1608 postea

114 1633 202 1679 erit
227 1633 419 1679 mentio.

177 1715 403 1776 Reliquiae
448 1721 603 1762 autem
656 1729 764 1776 quae
813 1715 872 1761 ad
913 1716 1157 1770 Malesina,
1200 1714 1326 1760 haud
1372 1714 1532 1775 procul
1583 1728 1608 1760 a

113 1799 284 1846 sacello
329 1798 533 1860 quodam
570 1800 728 1846 Sancto
757 1799 915 1844 Ioanni
941 1798 1147 1858 Theoloyo
1186 1797 1427 1851 dedicato,
1465 1811 1607 1858 appa-

114 1889 241 1939 rent,
291 1895 316 1928 a
371 1881 611 1941 Koutorga
662 1881 854 1927 abunde
901 1881 1150 1942 descriptae
1204 1878 1441 1942 sunt‚(2).
1493 1879 1610 1934 Quae

113 1965 314 2026 spatium
367 1964 488 2011 satis
530 1964 738 2026 amplum
776 1964 898 2010 inter
946 1964 1067 2010 duos
1105 1963 1248 2010 colles
1291 1970 1522 2024 occupant
1563 1970 1609 2008 et

49 2111 50 2114 Ἴ
115 2061 264 2108 usque
325 2047 384 2094 ad
429 2061 557 2094 mare
612 2054 946 2110 propagantur.
990 2047 1074 2093 Hic
1117 2046 1329 2107 quotidie
1371 2046 1608 2105 indigenae

99 2133 284 2177 'terram
335 2130 551 2186 fodiunt,
605 2130 795 2190 antiqua
856 2136 1158 2176 monumenta
1208 2136 1492 2190 quaerentes.
1557 2128 1608 2174 In

113 2212 201 2260 hoc
264 2213 365 2260 loco
420 2211 654 2258 affirmare
708 2212 814 2258 licet
877 2213 1016 2258 Halas
1075 2212 1300 2274 oppidum
1365 2211 1605 2272 quondam

114 2295 358 2353 extitisse,
405 2309 541 2356 quae,
570 2295 827 2341 secundum
868 2294 1169 2350 Pausaniam,
1201 2294 1246 2339 in
1284 2295 1480 2340 dextera
1509 2293 1608 2340 Pla-

47 2366 49 2368 *
113 2378 226 2424 tanii
262 2378 387 2440 ripa,
420 2378 480 2423 ad
522 2391 649 2423 mare
685 2392 779 2438 quo
812 2378 968 2423 Locris
1004 2378 1064 2423 ab
1101 2378 1276 2423 Euboea
1314 2376 1603 2436 sejungitur,

113 2468 245 2507 erant
273 2460 469 2522 positae,
516 2462 582 2506 ἐπὶ
619 2461 799 2524 θαλάσσῃ
837 2462 861 2510 ἢ
898 2463 972 2509 τὴν
1003 2457 1183 2522 Λοκρίδα
1214 2462 1376 2521 ἤπειρον
1412 2460 1492 2504 ἀπὸ
1534 2466 1608 2511 τῆς

63 2587 67 2590 ,
106 2540 281 2596 Ἐὐὲοίας
327 2540 492 2606 διείργει
528 2541 619 2605 (3).
669 2542 728 2589 At
771 2543 1025 2589 Pausanias
1079 2543 1203 2588 illius
1254 2542 1385 2588 urbis
1430 2542 1606 2589 incolas

154 2676 382 2719 (1)Pausan.,
406 2676 476 2716 IX,
498 2676 549 2715 24,
571 2678 602 2710 5.

157 2737 202 2779 (2)
221 2738 363 2779 Discepae.
386 2736 459 2776 cit„
479 2745 514 2777 p.
534 2734 688 2769 392-394.

153 2795 201 2838 (3)
221 2795 388 2833 Pausan„
409 2795 473 2836 IX,
492 2795 544 2834 24,
565 2795 598 2827 5.
