1916 3198
395 241 445 281 96
914 252 967 280 ΒΕ
996 246 1142 281 noctus
1169 248 1382 281 OPUN'rus.

460 331 578 376 Sunt
604 329 758 376 tamen
795 330 901 376 aliae
937 329 996 376 ad
1034 329 1149 376 deos
1186 330 1379 376 minime
1405 328 1698 391 pertinentes
1728 347 1738 374 ι
1769 329 1891 376 inter

394 427 511 474 quas
547 412 853 459 numerandae
888 418 1000 458 sunt
1033 412 1217 458 ancillae
1251 412 1528 474 amphoram
1569 412 1615 457 in
1642 411 1796 473 capite
1822 412 1889 458 fe-

397 504 570 555 rentes,
599 496 863 558 caryatides
892 495 1012 542 laxis
1040 495 1210 542 tunicis
1234 495 1437 542 vestitae.
1469 495 1563 542 Nec
1586 495 1758 541 desunt
1780 493 1893 556 figu-

397 594 462 627 rae
488 580 754 638 deformes,
791 579 926 625 sileni
966 578 1073 640 peni
1100 578 1332 625 immenso
1357 578 1567 640 praediti,
1600 593 1753 640 neque
1789 577 1890 625 ani-

398 663 554 722 malia,
583 677 716 719 aves,
744 676 878 720 oves,
908 676 1067 719 caneS‚
1101 661 1380 718 testudines,
1412 668 1501 709 etc.

459 745 549 792 Sed
573 759 664 792 una
692 745 813 792 inter
840 759 1002 792 omnes
1034 744 1180 805 figura
1215 745 1355 805 digna
1392 753 1463 791 est
1499 759 1607 806 quae
1643 745 1887 792 doctorum

396 829 604 876 virorum
636 829 682 874 in
709 843 760 875 se
786 828 947 876 oculos
974 834 1246 890 convertat,
1267 828 1555 883 ,adolescens
1584 828 1762 875 scilicet
1791 828 1888 890 pal-

396 912 459 958 lio
486 912 684 958 vestitus
709 911 1000 972 negligenter
1030 911 1076 956 in
1111 911 1331 958 humeros
1366 912 1567 971 reJecto‚
1618 912 1889 959 diademate

393 1003 660 1052 coronatus,
692 994 891 1056 punioeo
923 994 1080 1041 colore
1107 994 1278 1053 illitus;
1308 994 1389 1055 qui
1412 994 1600 1041 sinistra
1629 995 1776 1057 lyram
1807 1001 1892 1042 aut

395 1079 603 1140 leporem
624 1086 706 1124 aut
726 1078 899 1138 gallum
928 1078 1064 1138 gerit,
1096 1077 1263 1124 dextra
1286 1091 1401 1124 vero
1428 1077 1569 1124 modo
1589 1077 1721 1135 nihil,
1748 1078 1889 1126 modo

397 1175 555 1223 peram
596 1161 796 1208 sustinet
829 1159 921 1223 (l).
962 1160 1077 1215 Quae
1110 1159 1286 1221 figura,
1324 1160 1411 1206 etsi
1446 1160 1505 1206 ad
1547 1160 1804 1221 Tanagram
1836 1175 1891 1208 ac

395 1245 620 1307 Thespias
670 1243 1054 1306 (Erimo-Castro)
1097 1258 1223 1306 saepe
1262 1244 1496 1302 occurrit,
1547 1245 1721 1306 saepius
1768 1245 1891 1292 circa

398 1330 649 1374 Livanatais
670 1334 716 1373 et
740 1328 892 1375 Sancti
919 1329 1099 1373 Ioannis
1129 1327 1330 1388 Theoloqi
1359 1327 1581 1373 sacellum
1609 1327 1888 1388 offenditur3

397 1412 522 1457 unde
548 1411 735 1472 propria
756 1411 1065 1472 Opuntiorum
1090 1410 1279 1457 videtur
1301 1411 1515 1457 extitisse
1539 1409 1631 1474 (2).
1662 1410 1887 1466 Quisnam

393 1499 550 1539 autem
576 1493 715 1540 fuerit
741 1493 816 1539 hic
837 1493 1137 1549 adolescens,
1168 1493 1283 1554 quid
1316 1492 1670 1554 significaverit,
1703 1493 1887 1554 jamdiu

394 1577 642 1638 quaesitum
677 1585 765 1624 est.
803 1577 1010 1623 Credidit
1055 1592 1162 1624 eum
1207 1578 1354 1639 Rayet
1390 1577 1531 1624 deum
1568 1576 1782 1638 Agonem
1808 1583 1890 1625 aut

401 1657 546 1723 Ἐρμῆν
581 1658 816 1724 Ἐναγώνιον
843 1659 1068 1721 effingere
1093 1658 1183 1724 (3).
1213 1660 1305 1707 Sed
1335 1659 1435 1707 haec
1461 1661 1731 1721 conjectura
1754 1675 1781 1707 a
1802 1660 1888 1707 Le-

394 1751 636 1791 normant·
655 1744 826 1804 reiecta
872 1751 968 1801 est,
999 1744 1079 1805 qui
1106 1744 1348 1791 contendit
1381 1744 1729 1791 adolescentem
1761 1743 1889 1804 gallo

396 1827 672 1874 instructum
722 1827 1007 1890 Ganymedis
1079 1828 1329 1887 imaginem
1389 1834 1733 1889 repraesentare
1791 1826 1885 1891 (4).

395 1910 541 1965 Quam
586 1910 948 1973 explicationem
987 1924 1140 1973 nuper
1192 1910 1381 1957 admisit
1440 1911 1540 1972 ipse
1593 1911 1738 1973 Rayet
1793 1911 1886 1973 (5).

395 2107 474 2141 ques
492 2099 533 2131 de
553 2099 593 2131 Μ.
618 2099 655 2132 O.
676 2099 802 2143 ssayee.
823 2099 845 2132 l.
872 2108 900 2132 c.
930 2097 1100 2131 Veneram
1128 2098 1307 2140 principue
1334 2098 1513 2132 effinxisse
1539 2098 1704 2132 videntur
1730 2097 1893 2141 Opuntii.

395 2156 484 2190 Tum
514 2158 667 2190 notanda
694 2161 747 2190 est
772 2159 883 2200 figura
913 2159 1029 2196 ξοάνου
1056 2158 1204 2190 sormam
1233 2158 1402 2190 exhibens
1429 2158 1478 2199 (n.
1509 2157 1584 2199 31),
1615 2166 1719 2199 quam
1749 2158 1890 2191 unicam

398 2216 512 2259 Rayet
531 2217 696 2256 declarat.
717 2221 822 2259 atque
837 2218 905 2250 alia
923 2218 974 2259 (n.
991 2217 1055 2258 36).
1081 2217 1117 2249 in
1134 2226 1202 2258 qua
1221 2216 1467 2259 Pherophattae
1485 2217 1678 2259 imaginem
1697 2216 1890 2259 deprehen-

395 2276 477 2310 dere
496 2277 563 2310 eibi
582 2276 735 2311 videtur.

435 2337 482 2378 (l)
502 2334 545 2370 V.
569 2336 723 2370 tabulam
743 2337 808 2370 111.

436 2394 481 2437 (2)
506 2394 548 2428 V.
568 2394 602 2428 J.
624 2394 776 2435 Mai-thu,
801 2394 1000 2436 Conatoque,
1021 2398 1103 2432 otc„
1125 2396 1161 2427 in
1185 2404 1253 2437 quo
1275 2395 1428 2428 maxima
1451 2403 1531 2436 pars
1551 2394 1779 2438 opuntlarum
1795 2393 1886 2438 figu-

396 2464 513 2488 rarum
533 2455 626 2489 hunc
645 2458 771 2497 typum
792 2457 1061 2496 repraesentant.

439 2514 484 2556 (3)
504 2515 639 2548 Gazette
657 2515 713 2547 des
731 2515 962 2553 Beata-Am,
988 2513 1078 2553 ¹³75,
1102 2525 1133 2556 p.
1153 2514 1225 2547 556.
1248 2512 1296 2545 De
1316 2512 1439 2554 Agone
1462 2515 1554 2555 (quae
1577 2515 1782 2556 conjectura
1806 2522 1890 2556 pro-

396 2574 543 2606 babilior
562 2583 667 2616 quum
684 2574 793 2606 ultera
814 2573 988 2614 videtur).
1012 2583 1044 2606 v.
1068 2572 1219 2607 Puusun.
1237 2597 1243 2611 .
1266 2570 1316 2612 V,
1334 2571 1392 2610 20,
1416 2572 1433 2604 3
1449 2597 1456 2609 ,
1474 2575 1508 2604 et
1527 2571 1567 2605 ‘26
1581 2597 1588 2611 .
1609 2572 1640 2605 3.
1662 2571 1731 2606 Sed
1750 2573 1890 2615 ἁλτῆρας

396 2633 459 2666 deo
478 2632 670 2666 Pausanias
691 2633 827 2671 tribuit,
849 2642 919 2666 non
938 2633 1089 2675 gallum,
1110 2643 1174 2666 nec
1193 2634 1305 2675 lyram
1320 2658 1327 2669 ,
1344 2641 1409 2665 noc
1430 2633 1595 2674 leporem.

439 2692 482 2733 (4)
505 2693 634 2726 Gazette
650 2691 919 2734 archdolouiquo,
948 2691 1038 2731 1875,
1057 2701 1091 2734 p.
1113 2692 1153 2725 80
1173 2701 1261 2734 adq-0
1282 2692 1354 2725 tub.
1375 2691 1426 2723 24.

439 2751 485 2792 (5)
505 2750 688 2793 Cataloouo
708 2751 749 2784 do
768 2750 803 2785 la
822 2750 1010 2792 collection,
1032 2754 1114 2790 etc..
1133 2760 1167 2784 n.
1190 2749 1243 2784 40.
