1916 3198
274 207 328 238 m:
356 205 632 238 opunnonuu
659 205 880 244 cmm-1⁸13,
912 203 1087 235 memus
1115 204 1256 241 xromz
1284 203 1482 236 nonnius.
1584 190 1633 234 73

48 267 60 335 ,ρ
139 285 372 346 Opuntem
406 285 586 334 scilicet
609 290 751 346 atque
787 284 1112 345 magistratum
1144 284 1190 330 in
1227 283 1316 330 hac
1341 282 1460 330 urbe
1485 282 1633 344 impe-

46 351 59 378 ἐ
141 375 320 416 rantem
368 383 510 431 super
544 382 708 416 omnes
743 367 1005 415 Orientales
1044 368 1214 416 Locros
1263 366 1631 414 dominationem

139 452 390 515 quamdam
415 452 685 499 exercuisse
716 469 726 497 ε
758 466 963 513 namque
991 452 1067 499 lex
1093 451 1153 499 de
1178 450 1405 512 Naupacti
1425 449 1630 507 colonia,

138 535 323 599 Opunte
344 536 446 583 sine
469 535 616 584 dubio
639 536 829 598 scripta,
859 535 1067 597 aliquam
1088 534 1438 583 communitatis
1460 547 1558 596 prae
1581 547 1634 580 se

139 619 228 667 tert
253 619 457 681 speciem
473 654 486 678 ,
516 633 622 666 cum
650 625 820 666 ceterae
852 619 1007 680 leges,
1039 618 1212 680 quibus
1238 616 1405 663 alludit
1437 615 1628 673 titulus,

139 702 261 749 inter
287 702 415 762 leges
442 701 544 748 illas
571 702 666 749 sint
688 701 1000 752 numerandae
1018 737 1030 759 ,
1055 701 1230 763 quibus
1252 699 1453 761 singulae
1472 698 1632 761 Opun-

141 783 308 831 tiorum
337 784 553 832 civitates
578 785 876 847 peculiariter
902 785 1171 831 utebantur.

203 867 316 914 Tum
345 868 555 928 ejusdem
578 868 697 914 tituli
729 868 859 915 locus
885 867 944 914 ad
967 866 1279 929 Opuntiorum
1298 865 1477 926 J’udicia
1500 879 1630 927 spec-

31 970 57 1014 24·
140 956 204 996 tat
227 949 318 1013 (l).
346 950 442 997 Lex
463 950 587 997 enim
616 950 843 998 beneficia
866 951 1084 1013 quaedam
1112 950 1238 1012 apud
1261 949 1490 1012 Opuntios
1510 948 1634 1023 judi-

137 1046 214 1079 ces
254 1033 432 1080 colonis
476 1033 737 1096 pollicetur,
781 1034 887 1098 (τὰν
929 1032 1077 1097 δίκαν)
1119 1037 1282 1097 άρὲσται
1322 1035 1391 1078 καὶ
1429 1029 1552 1095 δόμεν
1593 1036 1630 1077 ἐν

145 1113 333 1162 Ὀπόεντι
359 1117 468 1162 ’κατὰ
492 1114 659 1181 Ι·“έ[τ]ος
696 1120 944 1181 αὐταμαρόν.
972 1117 1114 1163 Erant.
1150 1116 1293 1178 igitur
1321 1115 1447 1178 apud
1472 1114 1632 1176 Opun-

139 1199 228 1246 tios
261 1199 437 1260 judicia
470 1200 593 1247 bene
632 1202 917 1260 constituta;
957 1215 1064 1262 quae
1110 1200 1298 1262 penitus
1329 1199 1630 1260 ignoramus,

138 1297 292 1344 neque
325 1283 498 1330 scimus
535 1298 627 1344 qua
673 1285 853 1332 ratione
893 1299 999 1331 cum
1043 1283 1403 1330 Atheniensium
1442 1282 1633 1343 judiciis

138 1374 295 1414 essent
342 1368 676 1429 comparanda.
723 1368 1048 1430 Comperimus
1096 1374 1250 1414 tamen
1300 1381 1354 1414 ea
1399 1366 1629 1413 extitisse.

136 1448 274 1511 Apud
301 1449 531 1512 Opuntios
554 1459 710 1499 autem
733 1452 918 1512 judices
945 1451 1125 1498 colonis
1155 1451 1390 1513 προστάτης
1419 1449 1600 1496 aderat.

204 1532 461 1590 Postremo,
491 1535 660 1597 ἀτιμίαν
690 1535 766 1582 lex
792 1535 956 1581 indicit
983 1535 1030 1580 in
1058 1548 1139 1581 eos
1165 1534 1244 1595 qui
1274 1540 1459 1595 pactum
1487 1532 1633 1579 viola-

140 1616 295 1663 verint
318 1615 409 1679 (2).
441 1617 549 1664 Haec
585 1618 725 1678 igitur
759 1633 898 1680 poena
931 1618 1055 1680 apud
1082 1617 1336 1679 OpuntiOS‚
1363 1617 1484 1663 sicut
1507 1617 1632 1678 apud

138 1697 478 1757 Athenienses,
511 1700 557 1746 in
586 1715 672 1747 usu
703 1709 819 1749 erat.
847 1701 1071 1756 Quaenam
1100 1707 1257 1747 autem
1281 1702 1431 1763 ἀτίμου
1457 1706 1558 1746 erat
1585 1700 1631 1746 in

137 1781 351 1844 Opuntiis
378 1783 628 1831 condicio?
650 1785 846 1847 Nempe,
878 1792 1100 1846 tanquam
1129 1783 1344 1842 Athenis,
1375 1783 1523 1846 ἄτιμος
1550 1782 1631 1830 fie-

137 1865 217 1912 bat
248 1866 400 1928 capite
435 1866 722 1915 deminutus.
766 1866 956 1931 Ἀτιμίαν
988 1883 1132 1926 vero,
1167 1875 1217 1913 ut
1245 1867 1451 1925 videtur,
1482 1867 1631 1914 bono-

139 1963 240 1995 rum
270 1949 526 2010 publicatio
552 1953 948 2013 consequebatur.

203 2032 311 2078 Haec
332 2033 391 2079 de
410 2033 720 2095 Opuntiorum
740 2036 847 2096 jure
864 2050 890 2082 e
907 2035 1210 2096 galaxidiano
1230 2035 1365 2082 titulo
1385 2035 1628 2082 discimus.

18 2172 22 2186 ι
87 2114 92 2119 ’
136 2114 227 2160 Sed
261 2129 315 2161 ea
344 2116 404 2162 ad
431 2124 609 2163 certum
646 2118 885 2179 quoddam
916 2126 962 2165 et
994 2119 1239 2179 antiquum
1271 2126 1455 2180 tempus
1489 2119 1631 2181 perti-

138 2205 268 2245 nent.
299 2198 429 2256 Post,
458 2201 632 2260 quibus
659 2201 811 2248 modis
831 2203 911 2262 jus
938 2202 1054 2248 illud
1083 2208 1309 2248 mutatum
1342 2203 1507 2261 suerit,
1538 2217 1630 2264 qua

138 2281 320 2328 ratione
349 2296 455 2328 cum
494 2282 798 2330 finitimarum
828 2285 1066 2345 gentium,
1095 2285 1391 2343 Boeotorum,
1422 2285 1630 2332 Phocen-

29 2429 35 2437 .
138 2364 261 2411 sium
297 2364 408 2427 jure
448 2367 623 2412 sensim
661 2367 918 2425 coaluerit,
965 2382 1058 2415 non
1095 2368 1259 2429 liquet.
1296 2368 1361 2414 De
1403 2367 1631 2429 proxenia

137 2460 252 2495 vero
273 2446 584 2509 Opuntiorum
611 2451 828 2511 quaedam
855 2451 1002 2498 titulis
1028 2451 1163 2499 nobis
1190 2451 1359 2498 tradita
1386 2458 1496 2498 sunt
1522 2450 1626 2514 (3);

177 2653 223 2696 (1)
242 2652 345 2687 Vers.
366 2653 476 2687 32-35.

175 2711 222 2754 (2)
243 2711 346 2746 Vers.
367 2713 476 2747 38-44.

179 2771 224 2813 (3)
240 2769 294 2805 Cf.
314 2781 432 2815 supra,
455 2783 490 2815 p.
512 2772 568 2807 65.
