1916 3198
751 296 804 326 nn
831 296 1023 326 An'rmus.
1584 285 1636 326 89

143 374 223 421 ubi
258 380 493 437 repertum
521 375 610 423 hoo
637 388 841 422 marmor
877 376 1034 435 fuerit,
1064 376 1295 422 incertum
1321 373 1426 438 (alt.
1454 375 1591 440 0²·‚3t
1618 393 1631 436 ;

142 444 224 504 lat.
253 458 333 517 0¹¹¹,
362 458 438 515 33)
466 456 557 522 (t)
580 457 716 514 Quod
740 473 859 521 opus
880 459 984 507 sive
1007 459 1128 506 inter
1152 458 1451 506 anathemata
1472 474 1636 507 nume-

144 541 340 587 randum
369 549 440 588 est
469 541 558 589 deo
586 542 942 603 ouidamequiti
969 549 1259 600 consecrata,
1289 542 1394 589 sive
1420 543 1541 590 inter
1563 543 1634 589 fu·
1669 608 1671 610 q

142 624 303 671 nebria
330 624 408 671 illa
435 631 738 673 monumenta
763 640 871 687 quae
900 627 946 672 in
970 626 1148 673 Boeotia
1172 632 1316 687 atque
1342 625 1536 673 Thracia
1562 627 1632 673 in-

140 707 412 766 veniuntur,
437 722 639 770 quaeque
670 709 962 766 defunctum,
989 710 1178 757 heroem
1209 710 1399 767 factum,
1427 709 1636 770 equitan-

141 795 232 836 tem
262 798 619 853 repraesentant.

203 872 367 921 Omnia
405 875 546 936 igitur
579 876 710 935 haeo,
741 890 1011 938 quanquam
1051 883 1198 923 artem
1236 891 1349 923 vere
1390 876 1630 939 opuntiam

139 956 331 1003 minime
363 958 616 1017 denotant,
648 944 935 1007 denunciant
970 960 1135 1006 saltem
1167 959 1479 1022 Opuntiorum
1519 960 1632 1007 sub-

138 1039 216 1085 tile
238 1039 495 1101 ingenium.
521 1043 596 1088 Sic
620 1043 785 1090 tradita
807 1044 867 1090 ab
888 1043 1098 1090 externis
1119 1042 1379 1090 artificibus
1409 1044 1631 1105 exempla

136 1122 304 1170 callide
337 1124 792 1187 interpretabantur,
818 1127 944 1173 haud
983 1127 1255 1174 inventores
1289 1127 1511 1188 quidem,
1547 1127 1631 1173 sed

137 1206 395 1254 imitatores
423 1223 720 1270 nequaquam
749 1210 973 1272 imperiti.

201 1290 479 1338 Toreutioen
513 1307 704 1354 quoque
749 1293 940 1354 Opuntii
978 1294 1251 1340 exercuisse
1301 1293 1539 1350 videntur,
1579 1308 1633 1341 ac

136 1374 361 1420 nonnulla
403 1374 582 1422 ahenea
623 1384 927 1423 monumenta
975 1391 1036 1423 ex
1079 1377 1264 1423 illorum
1305 1390 1419 1436 agro
1460 1377 1630 1424 effossa

137 1457 345 1504 fuerunt.
377 1457 501 1504 Inter
524 1473 632 1519 quae
659 1460 917 1506 referamus
942 1460 1114 1506 bellum
1149 1461 1385 1522 quoddam
1414 1461 1632 1507 tunicatae

135 1540 322 1587 feminae
361 1541 577 1601 siguum,
614 1543 740 1603 quod
781 1557 906 1589 nunc
946 1542 1142 1590 Athenis
1179 1544 1225 1590 in
1264 1543 1632 1604 Arohaeoiogicae

133 1623 378 1671 Societatis
414 1639 576 1671 museo
611 1625 775 1672 videre
808 1634 908 1683 est,
944 1627 1171 1688 quodque
1215 1628 1388 1675 Pottier
1424 1628 1628 1689 descrip-

133 1706 193 1752 sit
223 1705 315 1768 (2).
349 1707 387 1754 A
421 1722 515 1770 quo
551 1716 754 1771 quatuor
787 1710 930 1757 etiam
964 1711 1056 1758 alia
1096 1718 1418 1759 memorantur
1450 1712 1628 1758 ahenea

132 1803 272 1850 opera
291 1826 301 1845 ,
336 1791 381 1836 in
411 1792 603 1853 opuntia
639 1793 832 1854 regione
869 1794 1060 1841 inventa
1087 1830 1097 1851 ‚
1127 1810 1233 1856 quae
1263 1810 1475 1842 museum
1504 1795 1628 1842 idem

133 1873 360 1935 possidet.

198 1957 422 2004 Vasorum
461 1965 616 2006 autem
657 1962 804 2020 maj0r
840 1968 912 2008 est
948 1977 1199 2021 numerus,
1243 1970 1318 2022 et,
1356 1977 1627 2024 quanquam

5 2030 58 2095 ‘⁰3'
133 2039 278 2113 multa
308 2055 367 2087 ex
397 2042 668 2102 regionibus
692 2046 904 2092 externis
932 2046 1123 2092 fuerunt
1151 2047 1306 2093 forsan
1348 2047 1595 2109 importata
1613 2084 1624 2103 ‚

21 2124 23 2126 ’
52 2170 53 2174 ,
91 2123 95 2129 ’
126 2123 190 2170 'ab
215 2123 329 2185 ipsis
349 2123 564 2186 Opuntiis
594 2127 736 2173 muita
764 2128 988 2175 fabricata
1017 2144 1122 2176 esse
1149 2137 1350 2176 constat.
1376 2130 1553 2192 Nempe
1581 2132 1626 2177 in

133 2204 344 2268 pluribus
373 2207 485 2254 locis
510 2209 811 2270 reperiuntur
834 2210 926 2274 (3),
953 2226 1007 2258 ac
1035 2214 1274 2274 praecipue
1297 2214 1418 2260 circa
1446 2216 1628 2261 Livana-

131 2290 214 2335 tais
250 2296 297 2336 et
327 2292 478 2336 Sancti
501 2293 680 2338 Ioannis
709 2294 746 2338 T
744 2294 909 2355 heoloyi
948 2296 1172 2342 sacellum
1191 2331 1205 2356 ‚
1235 2298 1360 2358 quod
1379 2334 1391 2355 ,
1422 2304 1473 2343 ut
1505 2298 1626 2345 dixi-

131 2386 252 2428 mus,
279 2373 337 2419 ad
363 2374 582 2421 Halarum
607 2376 768 2432 ruinas
798 2376 1081 2424 aedificatum
1110 2387 1197 2426 est.

194 2455 402 2516 Longum
433 2458 494 2504 sit
520 2459 678 2505 omnia
710 2473 824 2507 vasa
851 2460 1121 2508 describere
1147 2477 1255 2523 quae
1289 2463 1417 2524 apud
1444 2463 1626 2524 indige-

168 2624 214 2667 (l)
234 2624 277 2657 V.
299 2626 408 2659 mah.
429 2627 462 2661 d.
481 2628 514 2660 d.
541 2629 634 2661 arch.
653 2630 735 2662 Inst.
759 2631 800 2662 in
821 2632 952 2671 Athen,
974 2631 1043 2672 111,
1062 2643 1096 2674 p.
1117 2632 1190 2672 381,
1213 2642 1248 2665 n.
1273 2632 1343 2666 146.
1363 2631 1414 2666 Cf.
1439 2634 1537 2675 ibid„
1562 2634 1625 2674 IV,

127 2683 340 2723 tab.XV11‚
360 2685 393 2718 2.

174 2742 220 2784 (2)
242 2743 329 2776 Bull.
347 2745 387 2776 de
405 2754 493 2778 corr.
515 2746 650 2788 hellen„
670 2747 733 2785 IV,
756 2759 789 2790 p.
816 2748 885 2789 192,
904 2751 973 2782 tab.
991 2750 1039 2784 ΙΙ.

170 2801 217 2844 (3)
236 2800 281 2835 V.
306 2803 405 2844 ibid„
427 2804 490 2842 ΙΙΙ,
512 2816 547 2847 p.
566 2806 639 2838 220.
