1916 3198
356 233 405 273 22
875 247 927 275 nn
958 247 1104 277 Locms
1133 246 1343 276 oPuNTns.

355 326 607 372 Locrorum
635 326 765 372 littus
786 326 1037 388 populatur
1055 323 1148 388 (i).
1173 326 1307 384 Tum,
1331 341 1456 374 anno
1487 325 1597 385 424,
1629 325 1854 372 discimus

355 408 584 470 Opuntios
612 409 764 470 proelii
794 409 853 455 ad
880 409 1064 456 Delium
1092 409 1332 456 commissi
1361 410 1616 472 participes
1636 409 1780 456 fuisse
1801 423 1856 455 ac

356 491 589 552 fugientes
617 491 930 539 Athenienses
954 493 1191 554 equitibus
1217 493 1540 554 exagitavisse
1565 491 1660 556 (2).
1690 493 1856 540 Postea

357 581 472 622 'vero
494 573 658 638 (4⁴8),
686 575 1112 634 Mantineensibus,
1140 591 1244 623 cum
1272 583 1495 638 urgerent
1517 575 1687 637 Argei,
1715 578 1852 622 auxi-

357 658 530 704 liantur
570 657 663 722 (3).
706 657 779 705 Ab
827 659 906 706 illo
951 665 1108 706 autem
1159 663 1403 722 tempore,
1450 660 1489 706 si
1533 659 1855 720 Thucydidem

357 740 709 802 Diodorumque
741 730 1060 800 consulimus,
1096 755 1257 789 eorum
1295 742 1495 803 vestigia
1530 742 1576 788 in
1611 741 1701 789 hoc
1733 741 1858 788 bello

357 823 483 870 haud
509 824 643 870 facile
664 824 1083 887 deprehendimus,
1108 839 1379 886 quanquam
1406 826 1511 872 sine
1537 826 1685 872 dubio
1709 839 1860 886 usque

357 906 415 952 ad
444 907 714 954 certaminis
743 906 885 955 finem
921 915 1273 970 pugnaverunt.
1303 909 1421 966 Sed,
1454 909 1603 971 captis
1629 923 1655 955 a
1683 909 1859 971 Lysan-

359 990 444 1037 dro
479 989 708 1048 Athenis,
743 992 1205 1039 Lacedaemoniorum
1242 993 1357 1040 socii
1403 993 1608 1055 pretium
1650 992 1861 1039 victoriae

361 1075 746 1137 postulaverunt,
775 1076 898 1123 inter
928 1091 1046 1138 quos
1073 1076 1280 1123 Thebani
1314 1078 1519 1123 maxima
1547 1077 1636 1123 sibi
1667 1075 1862 1138 praemia

359 1159 679 1221 depoposcere
717 1158 818 1222 (4);
859 1175 1024 1207 verum
1072 1161 1129 1207 iis
1173 1161 1290 1206 nihil
1333 1175 1621 1208 concessum
1663 1166 1733 1207 est
1767 1158 1859 1223 (5).

359 1242 497 1299 Inde,
540 1242 908 1289 Lacedaemoniis
957 1244 1155 1302 infensi,
1198 1244 1388 1304 injuriae
1436 1258 1678 1305 nunquam
1729 1242 1864 1290 obliti

360 1333 486 1374 sunt.
525 1324 584 1371 At
629 1326 889 1373 timidiores
932 1328 1119 1389 populi,
1160 1328 1282 1374 sicut
1315 1327 1533 1390 Opuntii,
1570 1328 1650 1388 qui
1699 1326 1865 1374 auxilii

362 1409 625 1455 mercedem
656 1416 914 1469 exegerant
942 1410 1142 1466 nullam,
1177 1410 1342 1472 priscis
1375 1410 1517 1456 sociis
1546 1409 1723 1456 inimici
1763 1409 1867 1470 jure

364 1492 469 1538 sacti
498 1499 631 1549 sunt,
662 1487 837 1553 perque
868 1499 1008 1540 totam
1038 1493 1263 1540 Graeciam
1293 1493 1475 1555 Spartae
1502 1493 1661 1540 odium
1689 1492 1863 1549 crevit,

364 1590 468 1622 cum
520 1576 566 1621 in
606 1575 920 1623 Athenienses
969 1578 1160 1639 publica
1211 1576 1454 1624 civitatum
1505 1576 1660 1623 studia
1705 1590 1868 1623 rursus

366 1667 758 1707 converterentur
783 1659 876 1723 (6).

434 1742 506 1790 Ab
533 1758 658 1790 anno
691 1751 846 1790 autem
879 1743 999 1803 404,
1043 1759 1141 1806 quo
1177 1743 1359 1790 finitum
1399 1750 1470 1791 est
1510 1743 1885 1806 peloponnesia--

368 1842 472 1875 cum
511 1827 713 1882 bonum,
747 1843 896 1890 usque
930 1829 989 1875 ad
1038 1843 1242 1890 pugnam
1279 1828 1403 1890 apud
1435 1828 1714 1875 Mantineam
1755 1842 1870 1876 con-

370 1920 539 1958 sertam
568 1909 732 1973 (362),
764 1926 855 1972 qua
896 1912 1120 1958 thebanae
1149 1912 1457 1959 dominationi
1492 1910 1597 1958 finis
1624 1912 1872 1974 impositus

372 2003 469 2053 est,
500 1996 614 2041 raris
644 1996 905 2042 intervallis
933 1997 979 2042 in
1011 1996 1256 2043 universae
1282 1996 1476 2043 Graeciae
1508 1995 1700 2043 historia
1729 2009 1871 2058 appa-

376 2086 476 2125 rent
501 2078 707 2140 Opuntii.
742 2079 877 2127 Anno
906 2086 1062 2126 tamen
1092 2080 1212 2138 395,
1243 2095 1346 2126 cum
1378 2080 1468 2126 illis
1496 2087 1636 2142 atque
1662 2078 1871 2127 Phocen-

375 2164 505 2210 sibus
542 2171 647 2209 nata
683 2172 806 2211 esset
833 2164 1154 2211 controversia
1193 2164 1252 2211 de
1282 2164 1526 2224 cujusdam
1555 2163 1654 2224 agri
1684 2177 1871 2225 posses-

375 2248 509 2294 sione
538 2247 657 2294 intor
683 2247 850 2295 Locros
877 2262 931 2295 ac
955 2248 1217 2296 Phocenses
1242 2248 1337 2306 siti,
1355 2247 1546 2310 Opuntii
1573 2262 1598 2294 a
1618 2246 1870 2306 Thebanis,

438 2473 465 2514 1)
484 2471 610 2512 Thoe..
636 2471 707 2509 111.
732 2472 783 2512 91,
806 2473 836 2505 ὓ.

437 2532 469 2572 2)
491 2531 553 2570 ld..
576 2529 637 2571 IV,
659 2532 712 2572 90,
731 2532 762 2564 8.

437 2593 466 2632 3)
492 2592 554 2630 ΙιΙ.,
579 2590 621 2627 V,
639 2591 690 2626 Μ.
719 2591 749 2624 4.

438 2650 467 2690 t)
488 2650 595 2690 plut„
619 2651 777 2691 LymmL,
798 2649 852 2684 27.

426 2711 470 2750 (5)
488 2708 591 2745 Xon„
615 2709 755 2749 Hellen..
779 2709 840 2750 m,
863 2710 892 2749 5,
917 2711 945 2743 5.
967 2709 1021 2743 Cs.
1045 2711 1103 2749 id..
1127 2710 1225 2750 ibid„
1246 2709 1313 2750 111,
1336 2710 1367 2747 5.
1392 2709 1443 2744 1‘2.

425 2768 472 2811 (6)
495 2767 535 2801 V.
558 2767 677 2808 Grotc,
702 2779 755 2810 op.
774 2771 846 2809 cil..
869 2768 950 2810 ΧΠ,
970 2780 1004 2812 p.
1025 2768 1077 2801 60.

419 2475 429 2513 (

424 2535 432 2572 (

421 2596 430 2627 ‹

422 2652 432 2691 (
