1916 3198
368 184 421 225 48
633 229 638 233 ¹
878 197 930 226 nn
959 197 1106 228 Locms
1135 198 1349 229 opuwrns,

369 278 453 325 des
472 275 566 340 (t).
591 277 652 323 At
678 276 726 322 in
752 275 894 323 viridi
909 275 1078 323 littoris
1100 277 1208 324 sinu
1224 278 1410 325 viculus
1434 278 1627 340 quidam
1643 278 1864 339 occurrit,

367 361 443 407 cui
471 374 643 407 nomen
667 361 816 407 Sancti
842 360 1118 407 Constantini
1140 359 1412 422 impositum
1438 367 1534 422 est3
1559 362 1624 408 ibi
1652 363 1867 423 ejusdem

367 443 578 502 nominis
596 443 950 491 monasterium.
980 443 1037 489 Et
1063 443 1110 488 in
1138 443 1297 491 vicino
1325 444 1473 503 colle,
1500 445 1764 493 secundum
1794 452 1864 494 ta-

363 528 522 575 bulam
548 527 720 574 dictam
739 527 932 574 Gartede
948 526 1083 573 l'Etat
1105 528 1245 588 major
1265 530 1474 589 firanyais,
1498 529 1705 590 antiquae
1729 543 1863 577 acro-

363 611 486 674 polis
523 612 736 674 reliquiae
781 611 1078 673 Daphnuntis
1127 610 1269 657 situm
1316 611 1560 660 denotant.
1601 611 1717 667 Quae
1754 627 1862 661 oum

361 696 604 743 Strabonis
636 703 846 757 tempore
868 695 965 755 jam
1005 693 1162 741 diruta
1200 700 1356 754 esset,
1393 693 1584 742 difficile
1616 702 1688 742 est
1718 696 1862 744 hodie

361 779 653 841 distinguere
678 792 773 840 quo
800 778 902 826 loco
929 777 1071 825 suerit
1096 775 1355 838 aedificata3
1382 777 1473 826 hoo
1499 784 1679 825 tantum
1703 779 1859 841 suspi-

359 878 522 911 camur
539 899 552 922 ,
606 876 753 932 prope
801 863 1010 909 Sanctum
1064 862 1397 908 Constantinum
1443 868 1582 909 vetus
1631 862 1858 925 oppidum

359 947 590 995 extitisse.
618 946 689 993 Ex
714 946 933 1008 sepulcro
964 951 1120 992 autem
1151 945 1198 990 in
1230 945 1317 991 hac
1345 945 1551 1008 acropoli
1579 947 1752 994 effosso
1775 947 1857 994 de-

357 1035 691 1093 prompserunt
715 1028 952 1089 indigenae
981 1028 1211 1074 annulum
1251 1028 1388 1089 signo
1424 1035 1642 1076 ornatum
1667 1036 1714 1077 et
1737 1030 1855 1093 lapi-

356 1115 493 1162 deam
531 1113 784 1175 quamdam
828 1112 1093 1160 naviculam
1136 1112 1286 1172 (long.
1330 1111 1481 1172 01¹¹,45
1498 1149 1512 1171 ,
1561 1113 1640 1160 lat.
1682 1111 1856 1178 OQM»)

355 1197 583 1260 imperitis
607 1197 824 1243 manibus
845 1197 1078 1243 effectam.

418 1281 530 1327 Cum
554 1281 682 1326 littus
705 1280 936 1341 sequeris,
955 1279 1013 1325 ad
1035 1293 1204 1340 pagum
1228 1278 1588 1325 Neon-Thronion
1609 1283 1849 1343 pervenis,

353 1365 474 1411 inter
498 1365 692 1411 arbores
720 1377 867 1424 prope
895 1377 1023 1409 mare
1047 1363 1208 1409 situm.
1245 1363 1368 1420 Nihil
1399 1364 1545 1410 ferme
1572 1364 1631 1411 de
1657 1366 1850 1428 antiqua

352 1449 468 1495 urbe
486 1453 720 1509 superest,
741 1446 832 1492 nisi
853 1446 1004 1508 sparsi
1030 1446 1269 1492 hincinde
1292 1447 1490 1509 lapides.
1514 1448 1564 1493 In
1587 1458 1645 1497 Δη
1661 1450 1850 1513 μαρχίᾳ

351 1532 457 1594 pagi
487 1532 613 1578 huno
641 1530 827 1577 titulum
856 1530 1258 1591 transcripsimus,·
1281 1545 1557 1579 marmoreae
1579 1531 1751 1580 tabulae
1776 1534 1849 1580 in-

348 1617 494 1663 cisum
529 1630 540 1662 ε

826 1786 1322 1831 ΘΡΟΝΙΕΙΣΕΔΩΚΑΝ

827 1857 1346 1901 ΕΟΣΑΙΤΩΛΩΙΕΚΦΥ

823 1928 1277 1971 ΑΙΕΚΓΟΝΟΙΣΤΟΝ

879 1999 1283 2042 ΡΡΟΞΕΝΙΑΝΙΣΟ

753 2075 767 2098 ⁵
830 2070 1274 2113 )ΔΙΚΙΑΝΑΣΥΛΙΑΝ

822 2141 1231 2185 ΦΑΛΕΙΑΝΚΑΙΡΟ

968 2214 1041 2244 um
1055 2217 1078 2238 υ
1095 2214 1192 2254 *TA

769 2365 776 2374 .
813 2365 823 2374 .
858 2365 868 2374 .
902 2364 912 2374 .
942 2336 1099 2388 Θρονιεῖς
1123 2334 1256 2373 ἔδωκαν

812 2436 821 2446 .
854 2436 863 2445 .
898 2421 952 2450 eo:
976 2406 1140 2445 Αἰτωλῶι
1164 2407 1204 2444 ἐκ
1227 2406 1309 2445 Φυ-

763 2478 861 2518 wion
884 2479 993 2517 αὖτῶι
1018 2477 1094 2527 κ]αὶ
1119 2475 1270 2529 ἐκγόνοις
1294 2476 1352 2516 τὸν

810 2579 818 2589 .
854 2578 862 2589 .
894 2548 1094 2603 προξενίαν,
1122 2550 1199 2586 ἰσο-

372 2711 418 2753 (1)
438 2710 566 2748 Sti-nb„
592 2712 654 2750 lx,
675 2711 745 2744 426.
