1916 3198
275 206 328 236 DE
357 204 636 236 OPUNTIORUM
666 204 886 243 CIVITATE,
918 204 1095 235 LEGIBUS
1123 205 1263 241 ATQUE
1292 206 1492 236 MORIBUS.
1585 192 1636 234 63

137 283 283 346 picari
311 282 554 350 (t).JQuid
583 297 700 331 vero
726 283 924 345 impedit
944 284 1058 346 quin
1084 284 1210 332 hunc
1230 284 1384 332 locum
1406 285 1469 331 ita
1495 284 1633 331 iutel-

136 366 370 428 ligamus‘?
399 383 423 411 «
548 367 648 414 Rex
686 367 812 414 enim
856 367 1119 414 secundum
1161 368 1312 429 legem
1351 368 1504 414 dictus
1542 367 1635 414 for-

137 463 288 508 mam,
319 456 371 496 ut
405 449 642 508 diximuS,
671 450 876 497 civitatis
913 465 1007 498 non
1046 451 1314 510 constituit3
1346 465 1550 513 namque
1587 451 1634 496 in

136 533 356 581 omnibus
394 532 667 581 civitatibus
711 534 918 580 existere
960 541 1114 596 potest
1162 541 1443 597 perpetuum
1485 535 1633 596 impe-

137 615 285 675 rium,
316 621 366 662 ut
398 615 446 662 in
482 612 743 678 δημοκρατίᾳ
773 623 820 663 et
857 618 1178 680 ἀριστοκρατίᾳ,
1209 617 1437 678 multique
1473 616 1633 678 populi

136 712 283 745 unum
308 697 460 745 civem
486 711 644 745 rerum
670 699 983 759 gerendarum
1012 699 1255 747 dominum
1284 699 1479 746 faciunt.
1510 699 1634 746 Talis

135 781 382 844 Epidamni
424 781 726 842 magistratus
771 788 842 829 est
890 788 1034 844 atque
1076 782 1290 845 Opunte,
1333 790 1419 830 etc.
1460 781 1554 846 (2).
1606 800 1630 828 »

135 863 270 920 Quod
289 900 303 924 ‚
332 865 491 912 nostra
522 864 687 912 saltem
716 865 939 927 opinione
956 901 969 924 ,
999 864 1233 926 significat
1260 866 1306 912 in
1333 866 1492 913 multis
1515 867 1633 914 civi-

137 947 310 994 tatibus
351 962 495 994 unum
534 947 690 995 virum
732 962 807 996 res
844 948 1057 1010 publicas
1099 949 1459 1007 administrare,
1498 951 1633 1010 cujus

137 1031 385 1094 imperium
413 1032 473 1078 ab
499 1030 752 1079 Aristotele
790 1032 911 1078 intra
946 1042 1102 1079 certos
1141 1034 1365 1095 temporis
1391 1032 1510 1080 fines
1539 1048 1632 1082 non

61 1139 67 1151 ·
135 1113 417 1174 includitur,
443 1115 529 1161 sed
554 1115 602 1161 id
629 1121 809 1162 tantum
834 1129 942 1162 cum
964 1130 1076 1177 rege
1098 1116 1174 1163 hic
1198 1116 1340 1164 habet
1362 1131 1629 1177 commune,

135 1197 264 1259 quod
290 1198 419 1245 solus
445 1204 515 1245 est
549 1198 754 1246 civitatis
780 1205 966 1257 rector3
997 1198 1075 1246 alii
1102 1214 1219 1247 vero
1245 1215 1350 1247 cum
1386 1215 1497 1262 rege
1523 1209 1634 1248 sunt

135 1282 469 1343 comparandi,
499 1282 608 1343 quia
636 1288 913 1343 potestatem
952 1290 1229 1344 perpetuam
1258 1291 1512 1344 exercent3
1544 1285 1631 1333 ho-

136 1378 239 1410 rum
268 1364 584 1427 perpetuitas,
615 1364 740 1411 illius
777 1365 984 1413 solitudo
1021 1381 1181 1427 regem
1208 1368 1381 1428 arguit.
1417 1368 1491 1415 Sic
1522 1383 1632 1422 oum

135 1447 438 1508 galaxidiano
459 1448 595 1495 titulo
618 1447 884 1496 Aristotelis
906 1450 1035 1497 locus
1055 1461 1319 1511 congruere
1337 1459 1497 1513 queat.
1516 1452 1632 1507 Quae

135 1531 327 1592 quidem
361 1531 612 1593 explicatio
654 1532 694 1578 si
736 1532 1005 1594 displiceat,
1057 1533 1196 1581 titulo
1236 1548 1377 1595 quam
1414 1535 1631 1597 scriptori

24 1598 65 1685 J„
136 1613 330 1660 credere
357 1614 601 1672 malimus,
646 1615 754 1676 quia
785 1622 1003 1678 corrupta
1041 1624 1151 1662 sunt
1193 1618 1351 1664 forsan
1390 1619 1632 1680 scriptoris

51 1688 64 1755 J
138 1698 310 1756 verba,
343 1712 449 1745 cum
478 1698 641 1745 titulus
668 1699 792 1746 adsit
828 1706 876 1746 et
902 1698 1221 1748 firmissimum
1250 1703 1386 1750 nobis
1421 1704 1630 1751 testimo-

139 1781 268 1829 nium
295 1782 477 1830 afferat.

203 1863 335 1911 Nunc
355 1879 460 1912 cum
483 1865 821 1912 admiserimus
845 1867 1103 1930 principem
1127 1867 1437 1930 Opuntiorum
1462 1872 1632 1931 magis-

138 1953 306 1994 tratum
328 1948 387 1995 ad
415 1956 598 2011 tempus
621 1950 822 1997 electum
846 1950 992 1998 fuisse
1009 1987 1022 2010 ,
1051 1952 1278 2013 quamdiu
1302 1968 1472 2000 munus
1493 1969 1631 2001 suum

52 2091 54 2094 v
139 2031 406 2091 retinuerit,
455 2033 789 2094 inquirendum
835 2035 919 2093 sit3
966 2035 1050 2082 sed
1098 2035 1214 2082 nihil
1255 2043 1326 2083 est
1364 2038 1628 2085 obscurius.

140 2112 259 2161 Fieri
294 2122 448 2162 tamen
483 2117 635 2177 potuit
663 2124 714 2163 ut
738 2119 991 2179 quotannis
1025 2125 1314 2178 mutaretur,
1351 2119 1516 2167 {lerum
1543 2121 1632 2169 hoc

139 2197 255 2243 nihil
291 2197 556 2247 confirmat.
601 2199 828 2254 Quisnam
862 2215 978 2248 vero
1015 2202 1220 2263 eligendi
1258 2204 1426 2251 modus
1464 2204 1628 2264 ruerit,

139 2280 312 2340 pariter
334 2282 623 2342 ignoramus.
659 2282 756 2330 Hoc
792 2290 971 2331 tantum
1000 2299 1085 2346 pro
1111 2292 1239 2333 certo
1266 2286 1442 2334 habere
1465 2302 1631 2349 possu-

184 2466 228 2512 (1)
247 2468 391 2514 Discept.
412 2471 484 2514 cit„
501 2483 535 2515 p.
557 2469 609 2506 72.

179 2529 224 2573 (2)
245 2530 284 2564 Ὅ
301 2532 356 2574 μὲν
375 2533 436 2575 γὰρ
457 2534 542 2566 κατὰ
561 2535 660 2576 νόμον
676 2534 846 2576 λεγόμενος
866 2536 1018 2577 βασιλεὺς
1039 2537 1098 2570 οὐκ
1113 2537 1200 2570 ἔστιν
1218 2538 1314 2578 εἶδος,
1328 2539 1473 2583 καθάπερ
1487 2539 1632 2582 εἴπομεν,

140 2590 304 2630 πολιτείας
325 2603 331 2610 ·
357 2593 389 2624 ἐν
407 2592 526 2630 πάσαις
543 2594 604 2638 γὰρ
624 2595 780 2637 ὑπάρχειν
802 2596 967 2638 ἐνδέχεται
982 2597 1179 2640 στρατηγίαν
1196 2598 1315 2638 ἀΐδιον,
1333 2599 1403 2631 οἷον
1420 2600 1453 2632 ἐν
1467 2600 1632 2642 δημοκρα-

140 2648 193 2692 τίᾳ
206 2650 263 2681 καὶ
280 2651 526 2695 ἀριστοκρατίᾳ,
544 2654 600 2686 καὶ
616 2655 731 2687 πολλοὶ
749 2658 899 2687 ποιοῦσιν
916 2656 971 2688 ἕνα
990 2657 1099 2699 κύριον
1113 2661 1168 2697 τῆς
1184 2658 1375 2697 διοικήσεως
1392 2670 1398 2677 ·
1415 2660 1551 2697 τοιαύτη
1570 2660 1631 2701 γὰρ

141 2706 224 2750 ἀρχή
243 2708 290 2747 τίς
308 2710 380 2744 ἐστι
398 2711 454 2744 καὶ
474 2712 548 2756 περὶ
568 2711 782 2756 Ἐπίδαμνον,
802 2714 858 2747 καὶ
876 2716 951 2757 περὶ
974 2714 1141 2750 Ὀποῦντα
1160 2717 1207 2755 δὲ,
1228 2718 1301 2751 κτλ.
