1916 3198
354 287 406 328 80
862 299 915 327 DE
944 297 1090 328 Locms
1117 298 1329 329 oPUN'rns.

354 384 456 423 erat
491 377 666 424 incisus
694 374 797 440 (¹03
825 390 880 423 ac
918 377 1121 438 primum
1156 377 1204 422 in
1232 377 1430 439 opuntio
1463 381 1658 438 apparet
1681 374 1844 437 alpha-

353 462 488 519 beto,
518 475 626 507 nam
658 460 989 520 galaxidianus
1014 460 1178 506 titulus
1209 466 1388 506 tantum
1421 470 1451 511 Η
1480 459 1706 506 continet.
1742 457 1846 513 Quo

354 551 565 606 tempore
586 543 729 604 igitur
748 543 876 589 hunc
900 543 1085 589 titulum
1109 542 1366 599 edidimus,
1385 542 1708 589 dubitavimus
1727 541 1845 588 illud

355 636 385 681 Η
424 641 531 673 cum
572 626 714 673 simili
749 626 913 686 signo,
945 627 1067 673 bene
1104 632 1245 685 noto,
1275 641 1491 687 aequare,
1522 640 1617 687 quo
1644 639 1768 672 nunc
1793 645 1842 682 η,

352 725 478 757 nunc
511 710 704 772 spiritus
730 724 867 772 asper
904 710 1230 772 repraesentari
1258 710 1395 757 solet.
1425 710 1518 756 Sed
1558 724 1665 756 cum
1690 709 1845 757 littera

352 794 647 855 negligenter
672 800 798 840 esset
824 793 1079 851 delineata,
1099 793 1348 841 lectionem
1368 790 1464 858 [τ]οί
1490 794 1840 855 proposuimus.

350 877 483 923 Nunc
503 890 620 924 vero
635 890 720 923 nos
736 876 972 923 erravisse
987 877 1188 924 libenter
1212 877 1532 937 agnoscimus,
1552 876 1691 923 Tituli
1716 876 1842 923 enim

352 966 532 1007 naturae
571 959 791 1007 habenda
832 967 904 1006 est
937 960 1086 1017 ratio,
1116 960 1226 1021 qui,
1264 960 1373 1007 stilo
1410 960 1611 1017 incisus,
1639 974 1733 1007 non
1773 966 1845 1006 est

350 1043 696 1106 comparandus
736 1057 842 1090 cum
891 1043 1026 1090 titulo
1070 1043 1154 1090 aeri
1193 1050 1275 1090 aut
1318 1043 1541 1090 marmori
1583 1026 1872 1106 insculpto.-

349 1127 474 1175 Nihil
501 1141 614 1188 ergo
635 1127 824 1185 mirum,
854 1127 893 1174 si
921 1127 1109 1188 signum
1136 1137 1166 1181 Η
1191 1127 1384 1189 paulum
1415 1127 1658 1174 discordat
1679 1127 1740 1173 ab
1765 1126 1844 1173 illa

351 1212 498 1259 forma
544 1225 685 1272 quam
738 1211 786 1257 in
840 1211 986 1258 titulis
1027 1211 1306 1273 plerumque
1351 1211 1516 1271 offert3
1557 1211 1642 1258 sed
1682 1210 1846 1258 nihilo·

351 1295 505 1342 minus
534 1310 616 1357 pro
646 1302 676 1346 Ε
707 1294 871 1341 haberi
898 1295 1061 1341 debet.

413 1379 535 1434 Quid
565 1378 708 1438 igitur
743 1377 978 1438 significat
1015 1386 1045 1430 Η
1083 1392 1190 1424 cum
1229 1397 1256 1422 α
1293 1378 1637 1440 compositum‘.>
1667 1378 1844 1441 Nempe

347 1476 567 1524 asperum
595 1461 810 1523 spiritum
844 1462 947 1508 sine
973 1461 1120 1508 dubio
1148 1461 1350 1508 indicat.
1375 1461 1511 1516 Quod
1536 1477 1642 1508 cum
1670 1462 1732 1509 ita
1757 1463 1840 1521 sit,

349 1545 463 1592 nihil
487 1545 579 1592 illae
600 1545 767 1592 litterae
793 1545 921 1591 aliud
943 1551 1282 1607 repraesentare
1310 1560 1449 1608 posse
1475 1545 1716 1605 videntur,
1747 1546 1840 1593 nisi

349 1630 391 1686 ἅ,
420 1633 639 1674 neutrum
666 1628 846 1675 scilicet
873 1629 1054 1690 plurale
1081 1629 1339 1691 possessivi
1372 1629 1680 1691 praenominis
1707 1634 1764 1687 ὅς,
1794 1633 1839 1689 ἥ,

348 1715 418 1769 ὅν,
446 1725 540 1773 quo
581 1711 701 1773 epici
739 1712 944 1759 maxime
975 1718 1129 1774 poetae
1166 1718 1384 1759 utuntur.
1424 1711 1540 1767 Quae
1573 1713 1842 1773 conjectura

345 1795 446 1842 sola
471 1802 543 1842 est
569 1809 676 1856 quae
711 1795 895 1841 admitti
934 1802 1103 1857 queat,
1144 1796 1184 1842 si
1213 1796 1407 1857 quidem
1441 1807 1471 1851 Η
1500 1810 1716 1858 asperum
1746 1797 1842 1858 spi-

350 1878 489 1924 ritum
517 1878 785 1940 exprimere
809 1879 918 1939 jure
941 1879 1304 1926 crediderimus.
1332 1880 1399 1926 De
1432 1879 1551 1926 tituli
1573 1886 1730 1927 autem
1757 1894 1840 1927 na-

347 1967 451 2008 tura
476 1967 618 2022 atque
643 1976 785 2008 sensu
814 1962 934 2008 infra
962 1962 1331 2024 disputabimus.

411 2043 548 2099 Quod
574 2044 634 2091 ad
659 2052 839 2091 ceteras
860 2044 1172 2106 Opuntiorum
1198 2045 1381 2093 litteras
1409 2047 1592 2103 attinet,
1623 2046 1841 2094 doctissi-

346 2141 446 2175 mas
488 2127 925 2176 animadversiones
966 2129 1188 2176 lectorem
1226 2129 1364 2176 adire
1388 2129 1685 2190 jubebimus,
1723 2144 1839 2192 quas

346 2210 407 2259 de
430 2210 503 2258 his
530 2210 667 2258 Allen
694 2212 972 2274 conscripsit
996 2210 1089 2275 (2).

411 2294 467 2341 11.
487 2294 691 2342 —Idem
714 2310 828 2344 vero
848 2310 966 2359 opus
990 2296 1333 2344 consulendum
1356 2303 1427 2344 cst
1449 2297 1508 2344 de
1526 2295 1838 2360 Opuntiorum
1907 2359 1910 2364 Α

345 2377 504 2440 lingua
540 2376 631 2442 (3).
674 2379 839 2427 Dorice
884 2379 1201 2441 loquebantur
1235 2379 1455 2443 Opuntii,
1503 2381 1587 2429 sed
1628 2381 1838 2442 mitigata

386 2622 431 2665 (l)
455 2620 498 2656 V.
518 2622 606 2657 nult.
627 2623 668 2657 de
686 2632 773 2658 corr.
793 2623 934 2666 helan..
960 2624 1012 2662 ll.
1035 2636 1068 2668 p.
1094 2626 1175 2663 588.
1196 2634 1229 2658 n.
1258 2625 1293 2663 t,
1316 2627 1386 2659 tab.
1416 2623 1558 2667 XXVI,
1590 2636 1625 2659 n.
1647 2624 1702 2660 27.
1720 2644 1760 2653 -
1782 2624 1834 2661 Cf.

342 2680 452 2721 intra.
471 2691 549 2724 cap.
571 2681 631 2716 1v.

381 2739 429 2781 (2)
451 2740 595 2784 Dircept.
615 2742 686 2782 cit..
708 2752 741 2785 p.
766 2742 922 2777 210-218.

384 2798 430 2841 (8)
450 2797 494 2835 V.
512 2803 621 2835 totam
638 2800 942 2845 disceptationem.
962 2812 998 2847 p.
1020 2802 1171 2839 207-279.
