1916 3198
666 264 862 294 anexoms
891 263 1149 294 nnscmpmo.
1610 248 1660 291 43

170 344 320 390 tendit
357 357 499 405 super
541 342 704 389 urbem
747 342 891 389 fuisse
938 342 1141 404 positum
1185 341 1283 405 (t),
1324 341 1449 388 haud
1492 339 1660 388 melius

169 425 304 473 nobis
333 424 588 472 auxiliatur
618 440 628 470 z
658 438 795 485 aeque
831 439 1001 486 nempe
1034 423 1136 472 fieri
1169 424 1334 486 quibat
1368 430 1418 470 ut
1451 437 1595 469 unum
1633 436 1660 469 e

166 508 364 556 collibus
392 508 598 554 Atalanta·
631 507 1096 569 supereminentibus
1136 514 1387 568 occuparet
1418 512 1499 552 aut
1526 519 1658 553 mon·

166 596 257 638 tem
285 596 464 637 teneret
490 604 636 653 prope
662 590 913 636 Gardinitsa
939 596 1236 651 surgentem,
1265 590 1311 635 in
1341 603 1436 650 quo
1461 588 1658 634 Bursian

165 674 267 732 ejus
307 673 510 734 vestigia
546 687 775 736 apparere
817 680 964 735 putat.
1005 672 1121 728 Quae
1165 687 1270 719 cum
1309 672 1372 719 ita
1404 671 1527 729 sint,
1557 670 1659 718 haec

165 762 343 802 tantum
370 757 636 817 conjectare
665 756 773 803 licet
800 774 810 802 ε

231 838 280 884 4⁰
312 837 407 885 Aut
438 839 652 901 reliquiae
687 840 812 886 circa
850 841 1080 901 Kyparissi
1111 846 1309 902 repertae
1345 846 1391 885 et
1423 838 1516 885 itlae
1550 852 1658 899 quae

163 935 309 983 prope
344 922 550 968 Atalanti
585 922 894 969 inveniuntur
937 922 1084 980 duas,
1128 930 1175 969 ut
1222 929 1383 969 censet
1429 922 1653 979 Bursian,

163 1003 304 1052 urbes
329 1004 558 1051 indicant.
583 1004 695 1050 Tum
725 1005 983 1051 verisimile
1007 1012 1077 1057 est
1103 1007 1307 1052 Atalanti
1332 1005 1487 1067 potius
1513 1019 1655 1067 quam

161 1088 392 1149 Kyparissi
418 1087 616 1150 Opuntis
650 1088 802 1134 locum
839 1094 1027 1146 tenere,
1057 1089 1280 1150 quoniam
1316 1088 1394 1134 illa
1426 1087 1655 1150 Opuntio-

162 1185 265 1217 rum
298 1171 486 1218 decreta
519 1172 577 1218 ad
604 1172 809 1218 Atalanti
836 1186 987 1234 nuper
1023 1173 1194 1219 effossa
1230 1172 1334 1235 plus
1366 1170 1657 1218 auctoritatis

164 1269 302 1316 quam
340 1255 667 1317 imprudenter
700 1270 725 1302 a
752 1255 982 1317 Strabone
1018 1269 1072 1302 ac
1099 1256 1231 1303 Livio
1266 1255 1448 1317 prodita
1483 1253 1656 1300 indicia

164 1337 339 1384 habere
366 1338 500 1385 nobis
526 1338 765 1384 videntur.
796 1338 909 1384 Tum
942 1353 1132 1400 quoque
1160 1338 1286 1385 haud
1310 1338 1567 1384 absurdum
1595 1337 1656 1383 sit

163 1421 396 1481 conjicere
418 1421 740 1484 kyparissiana
769 1422 937 1468 rudera
965 1428 1011 1468 et
1037 1436 1090 1468 ea
1125 1436 1232 1483 quae
1266 1422 1312 1468 in
1349 1421 1468 1469 colle
1506 1435 1655 1483 prope

163 1504 413 1550 Gardinitsa
430 1504 584 1550 adbuc
603 1512 851 1566 apparent,
869 1506 1044 1551 veteris
1058 1505 1237 1551 Calliari
1264 1505 1404 1551 situm
1430 1518 1653 1564 arguere3

163 1587 303 1633 tradit
333 1588 456 1633 enim
485 1587 674 1644 Strabo,
702 1603 796 1648 quo
835 1596 1044 1650 tempore
1079 1589 1179 1634 haec
1215 1589 1314 1636 loca
1352 1595 1653 1650 peragraret,

163 1669 324 1716 urbem
376 1670 500 1716 illam
550 1670 665 1716 nihil
709 1671 806 1731 Jam
855 1671 942 1717 nisi
990 1671 1187 1718 fertilem
1237 1686 1453 1733 campum
1506 1671 1655 1717 fuisse

160 1751 368 1816 (εὐήρυτον
403 1750 596 1816 πεδίον);
630 1754 739 1800 inde
777 1769 947 1801 nomen
984 1756 1221 1817 Καλλάρου
1260 1756 1418 1801 datum
1462 1753 1656 1816 (καλοῦσι

163 1833 332 1889 δὀὕτως
354 1838 434 1882 ἀπὸ
461 1844 534 1882 τοῦ
561 1835 886 1900 συμὲεὲηκότος)
914 1837 985 1898 (2)
1013 1854 1021 1883 :
1056 1852 1178 1884 nunc
1203 1845 1358 1885 autem
1388 1838 1541 1885 omnis
1567 1837 1655 1882 cir-

163 1934 266 1966 cum
301 1921 533 1981 Kyparissi
560 1934 753 1982 campus
793 1921 1010 1980 gnaviter
1042 1921 1212 1968 colitur
1248 1922 1503 1982 laetumque
1532 1920 1653 1966 indi-

163 2002 296 2063 genis
321 2003 606 2049 frumentum
632 2004 922 2065 suppeditat.

228 2084 279 2132 2⁰
313 2084 406 2132 Aut
434 2085 562 2148 Opus
596 2086 796 2148 primum
837 2087 895 2132 ad
927 2088 1192 2148 Kyparissi,
1225 2095 1328 2149 post
1363 2087 1421 2134 ad
1449 2088 1659 2133 Atalanti

163 2169 251 2216 sita
288 2176 376 2216 est.
415 2170 587 2217 Forsan
629 2170 753 2216 enim
786 2170 1004 2232 Opuntii,
1042 2185 1187 2232 prope
1220 2170 1470 2216 Gardz'm‘tsa
1506 2184 1655 2230 quon-

165 2252 270 2298 dam
300 2251 592 2310 habitantes,
623 2252 669 2298 in
699 2254 909 2299 Atalanli
932 2255 1223 2314 migravere,
1253 2261 1498 2315 postquam
1528 2253 1651 2299 cala-

164 2334 299 2380 mitas
325 2335 541 2396 quaedam
571 2335 783 2396 publica,
809 2337 930 2383 sicut
957 2343 1093 2383 terrae
1122 2343 1275 2384 motus
1300 2338 1381 2398 qui
1405 2351 1530 2383 anno
1558 2334 1651 2384 426

164 2416 312 2463 factus
344 2424 441 2475 est,
470 2432 496 2464 e
525 2418 717 2478 pristina
753 2419 867 2465 sede
894 2433 975 2466 eos
1002 2420 1201 2480 expulit.
1228 2420 1402 2467 Forsan
1437 2426 1483 2466 et
1509 2420 1652 2481 pesti-

0 2524 1 2561 ;
84 2512 87 2515 ·
164 2498 330 2558 lentia,
355 2501 488 2560 quus
513 2501 638 2562 apud
665 2502 917 2563 scriptores
944 2503 1230 2550 mentionem
1256 2517 1488 2564 nusquam
1516 2503 1652 2550 inve-

207 2702 251 2746 (ἱ)
269 2701 395 2741 Sti-ab..
418 2703 444 2744 Ι,
465 2703 517 2736 60.

203 2761 250 2804 (2)
270 2761 332 2799 Id„
351 2761 418 2799 IX,
438 2762 509 2796 426.
