1916 3198
601 234 652 264 nn
679 234 812 263 assus
840 234 1129 263 opun'moauu.
1522 260 1529 264 ,
1589 220 1612 262 3

122 317 194 364 his
216 316 533 372 consentiens,
557 314 670 360 dicit
689 327 742 360 se
760 312 874 375 Cyni
897 312 1088 375 Pyrrhae
1112 312 1382 375 sepulcrum
1405 312 1607 368 vidisse,

121 414 226 447 cum
253 398 450 446 Athenis
475 397 688 459 sepultus
715 403 840 444 esset
875 396 1128 443 Deucalion
1161 394 1253 458 (l).
1291 395 1534 457 Quidquid
1563 395 1612 442 id

122 490 223 540 est,
253 483 300 528 in
326 481 519 544 opuntia
549 487 699 539 terra,
727 479 857 530 Jovis
882 480 1046 540 jussu,
1076 479 1330 526 Deucalion
1357 488 1405 525 et
1435 479 1614 541 Pyrrha

123 565 356 628 lapideam
393 565 518 612 illam
556 570 765 625 segetem
807 571 1159 621 conseverunt,
1198 577 1292 624 qua
1333 569 1614 610 renovatum

123 657 195 696 est
219 663 368 711 genus
393 649 675 707 humanum3
702 647 813 694 hinc
837 647 955 694 dura
975 647 1194 709 quaedam
1216 660 1271 693 ac
1297 647 1489 694 robusta
1511 660 1618 709 pro·

122 733 284 794 genies
319 733 500 796 evasit,
535 746 642 793 quae
664 769 675 790 ‚
704 745 810 778 cum
850 738 957 778 nata
994 739 1121 778 esset
1153 745 1215 778 ex
1251 730 1408 793 lapide
1440 728 1617 794 (λᾶας),

124 818 230 863 Λαοί
255 823 326 863 est
351 816 584 880 appellata
610 813 703 878 (2).

189 899 456 947 Hellanicus
491 913 604 946 vero
631 898 696 945 ait
723 898 1054 946 Deucalionem
1099 898 1146 943 in
1180 897 1419 944 Thessalia
1448 913 1617 959 regna·

46 1014 51 1019 ·
127 983 255 1030 visse
281 1000 290 1029 :
321 997 429 1044 quae
459 982 613 1029 fabula
641 996 747 1029 cum
775 982 987 1042 ejusdem
1015 982 1239 1044 opinione
1276 982 1480 1029 maxime
1508 997 1621 1029 con-

125 1073 290 1128 gruat,
328 1066 658 1113 Deucalionem
687 1066 866 1112 scilicet
901 1072 1043 1127 atque
1077 1066 1300 1128 Pyrrham
1341 1066 1401 1112 ad
1436 1066 1617 1129 Othryn

125 1150 363 1212 appulisse
390 1150 471 1211 (3).
497 1149 655 1196 Tradit
675 1156 830 1196 autem
853 1149 945 1195 alia
971 1151 1119 1207 sama,
1150 1150 1382 1211 posterius
1404 1150 1507 1196 sine
1532 1151 1617 1196 du-

127 1233 206 1280 bio
234 1233 422 1294 vulgata
440 1269 452 1290 ,
480 1233 698 1279 Curetum
737 1239 784 1280 et
819 1233 1039 1293 Lelegum
1077 1233 1258 1280 auxilio
1285 1234 1617 1282 Deucalionem

127 1315 364 1363 Thessalia
392 1316 588 1377 potitum
617 1330 722 1362 esse
739 1352 752 1374 ‚
776 1316 988 1377 expulsis
1011 1316 1216 1376 Pelasgis
1233 1353 1245 1375 ,
1269 1325 1411 1378 atque
1429 1331 1617 1364 omnem

129 1399 370 1460 regionem
398 1399 705 1460 occupavisse
732 1413 840 1460 quae
871 1398 1100 1446 Phthiotis
1128 1406 1288 1460 postea
1315 1407 1386 1446 est
1411 1401 1621 1448 denomi-

131 1489 237 1529 nata
263 1480 337 1545 (lt)
374 1499 383 1527 ε
423 1482 550 1543 quod
587 1496 693 1528 cum
730 1483 850 1528 fama
878 1482 938 1528 ab
971 1482 1260 1544 Apollodoro
1298 1484 1467 1530 tradita
1502 1485 1619 1531 satis

128 1572 494 1613 consentaneum
523 1566 610 1624 sit,
635 1580 740 1612 cum
771 1567 810 1612 is
836 1565 1199 1624 Deucalionem,
1227 1574 1337 1613 ante
1365 1568 1617 1627 diluvium,

129 1647 307 1695 Phthiae
333 1662 529 1709 regnum
557 1648 819 1695 obtinuisse
840 1648 1095 1695 contendat
1119 1646 1212 1710 (5).

193 1731 284 1779 Sed
311 1732 410 1792 J'am
443 1731 715 1779 omittamus
745 1746 909 1779 omues
938 1731 1042 1778 illas
1070 1731 1253 1778 fabulas
1282 1732 1403 1779 inter
1429 1747 1480 1779 se
1507 1747 1620 1780 con-

133 1815 296 1862 trarias
324 1831 334 1861 :
365 1814 455 1863 hoc
490 1822 669 1862 tantum
705 1822 922 1862 notemus
943 1851 954 1871 ,
984 1829 1155 1862 nomen
1182 1816 1482 1864 Deucalionis
1508 1832 1620 1864 cum

132 1898 372 1946 vocabulis
407 1896 590 1960 Opunte
626 1913 680 1945 ac
715 1898 844 1961 Cyno
880 1906 1008 1946 arcte
1052 1899 1198 1946 fuisse
1234 1901 1536 1959 conjunctum
1577 1910 1624 1949 et

131 1981 255 2043 apud
281 1981 536 2043 Opuntios,
564 1982 826 2029 secundum
851 1983 1020 2028 famam
1051 1982 1303 2044 plurimum
1330 1985 1622 2032 auctoritatis

108 2115 112 2120 .
134 2064 402 2123 habentem,
429 2065 488 2112 ab
515 2065 720 2126 antiquis
747 2071 874 2118 Λαοῖς
899 2066 1167 2114 restitutum
1195 2067 1340 2114 fuisse
1365 2083 1514 2129 genus
1540 2069 1624 2115 hu-

134 2162 322 2195 manum
354 2147 445 2212 (6).

63 2222 65 2226 ⁴
198 2231 449 2279 Deucalion
484 2246 599 2279 vero
625 2238 671 2278 et
696 2232 872 2295 Pyrrha
906 2233 1178 2294 Hellenem,
1209 2242 1261 2281 ut
1286 2236 1420 2281 aiunt
1438 2243 1624 2297 ,atque

171 2393 218 2436 (1)
234 2393 362 2433 atrab„
381 2392 445 2431 lx,
466 2391 606 2427 425.cr.
630 2394 742 2427 schot
764 2395 802 2426 in
817 2383 982 2434 The'oer„
1005 2394 1121 2437 ιαμ,
1144 2395 1226 2436 xv,
1251 2396 1320 2429 141.

177 2451 221 2494 (2)
245 2452 361 2492 pind..
385 2453 450 2490 ot„
471 2452 537 2494 lx,
558 2452 611 2493 70,
629 2453 682 2490 71,
707 2456 742 2486 et
761 2454 872 2487 schol.
890 2454 927 2486 in
943 2465 976 2488 v.
993 2454 1034 2487 68
1050 2469 1057 2492 ;
1076 2454 1259 2497 ΑΡοΙΙοᾶ.,
1276 2455 1304 2493 1,
1325 2456 1357 2496 7,
1374 2455 1405 2488 2.

123 2521 127 2525 *
176 2510 222 2554 (3)
238 2511 411 2549 Hellanic.
431 2513 570 2555 fragm„
595 2513 631 2546 15
646 2525 655 2555 3
673 2515 783 2547 schol.
803 2515 840 2547 in
855 2513 1016 2550 Theocr..
1039 2514 1154 2556 ldyll„
1176 2514 1256 2555 XV,
1283 2514 1353 2547 141.

179 2570 223 2612 (4)
243 2570 346 2605 Dion.
362 2571 491 2613 Halic.,
518 2574 546 2613 Ι,
566 2572 618 2607 17.

178 2629 223 2672 (5)
242 2631 417 2673 Apollod..
438 2632 465 2670 1,
485 2631 518 2671 7,
539 2632 571 2664 2.

180 2687 226 2730 (6)
254 2688 304 2722 De
326 2690 443 2723 rabula
463 2690 690 2724 Deucalionis
707 2701 749 2724 ac
767 2691 938 2733 Pyrrhae,
967 2702 999 2725 v.
1030 2691 1156 2734 Grote,
1179 2702 1232 2736 op.
1253 2695 1326 2730 cit„
1350 2693 1385 2730 1,
1407 2703 1438 2735 p.
1467 2694 1522 2726 113
1543 2704 1626 2764 sqq;

140 2745 283 2788 Preller‚
305 2748 966 2794 Griechischenymotoqie‚1(1872)‚p.
988 2751 1028 2784 65
1045 2762 1120 2794 sqq.
