1916 3198
1003 766 1309 816 CONCLUSIO
1317 804 1327 815 .

481 990 640 1037 Finem
681 989 969 1052 propositum
1008 989 1273 1049 attigimuS,
1302 989 1351 1036 id
1386 995 1488 1048 est,
1516 1003 1624 1050 quae
1657 989 1718 1036 de
1753 988 1912 1036 Locris

413 1073 629 1135 Opuntiis
651 1081 792 1134 atque
812 1072 1143 1134 Epicnemidiis
1165 1079 1299 1119 erant
1318 1072 1519 1120 dicenda
1543 1109 1558 1131 ,
1587 1073 1744 1120 omnia
1766 1085 1912 1134 prope

414 1156 638 1202 diximus.
674 1156 788 1202 Nam
823 1155 1075 1218 principio,
1105 1163 1318 1202 veterum
1344 1156 1626 1218 scriptorum
1652 1171 1707 1204 ac
1740 1170 1911 1203 monu-

416 1247 678 1287 mentorum
711 1240 989 1287 testimoniis
1026 1239 1158 1294 freti‚
1193 1239 1318 1286 illius
1346 1239 1500 1299 gentis
1529 1239 1774 1286 historiam
1803 1252 1912 1285 nar-

416 1324 624 1370 ravimus
665 1337 814 1384 usque
851 1323 912 1368 ad
947 1322 992 1369 id
1034 1329 1219 1384 tempus
1261 1336 1356 1383 quo
1395 1323 1631 1384 propriam
1669 1321 1911 1369 historiam

409 1408 506 1466 jam
536 1420 628 1453 non
657 1405 824 1464 habet;
851 1405 1044 1462 deinde,
1066 1420 1092 1452 a
1119 1405 1367 1467 praeteritis
1393 1405 1453 1452 ad
1484 1405 1734 1467 praesentia
1763 1412 1916 1452 trans-

417 1497 611 1548 eunteS‚
650 1489 979 1551 inquisivimus
1017 1489 1131 1550 quid
1165 1489 1225 1536 de
1258 1489 1465 1550 antiquis
1506 1489 1597 1536 illis
1630 1488 1908 1536 civitatibus

417 1580 708 1635 superesset,
729 1586 931 1634 quarum
958 1586 1030 1619 res
1052 1572 1408 1631 evolveramus‚
1432 1586 1486 1619 ac
1507 1580 1667 1620 mente
1688 1586 1912 1635 peragra-

419 1657 574 1703 vimus
620 1663 761 1703 totam
796 1655 1102 1702 Orientalium
1136 1656 1388 1703 Locrorum
1429 1656 1698 1717 regionem,
1747 1655 1908 1703 ruinas

420 1740 850 1787 animadvertentes
889 1747 964 1797 et,
1004 1740 1282 1802 scriptorum
1321 1740 1658 1801 titulorumque
1700 1739 1912 1799 auxilio,

419 1826 647 1886 cujusque
678 1823 766 1870 loci
802 1823 1157 1885 topographiam
1194 1823 1449 1885 explanare
1480 1829 1729 1872 tentanteS.
1762 1823 1877 1870 Tum
1898 1858 1911 1881 ,

419 1908 543 1970 quod
571 1908 710 1954 suerit
737 1907 895 1969 populi
923 1907 1162 1968 ingenium
1182 1942 1194 1964 ‚
1221 1906 1326 1968 quis
1357 1906 1542 1953 animus
1563 1942 1575 1965 ‚
1601 1907 1795 1954 scrut-ati
1829 1921 1913 1954 su-

421 2005 548 2048 mus,
574 1997 621 2037 et
640 2004 795 2047 sacra,
819 1990 1051 2036 civitatem
1068 2025 1080 2046 ,
1109 1989 1313 2047 litteras,
1339 1995 1464 2036 artes
1481 1989 1911 2038 consideravimus.

418 2073 492 2119 Sic
527 2074 571 2119 in
599 2074 717 2119 duas
750 2080 903 2134 partes
936 2073 1087 2119 divisa
1123 2079 1194 2120 est
1228 2079 1385 2120 nostra
1429 2073 1735 2135 disceptatio,
1772 2086 1912 2120 unam

421 2156 552 2202 factis
570 2191 582 2214 ,
612 2156 805 2203 alteram
831 2155 1023 2218 judiciis
1050 2155 1305 2203 addictam.

483 2239 605 2294 Quid
627 2240 767 2300 igitur
794 2254 917 2285 nunc
938 2239 997 2286 de
1017 2239 1233 2301 Opuntiis
1258 2246 1331 2286 est
1354 2240 1683 2301 cogitandum,
1709 2247 1793 2287 aut
1815 2239 1916 2303 qui-

418 2324 505 2370 bus
524 2323 680 2370 verbis
703 2329 908 2370 nostram
927 2322 986 2369 de
1009 2323 1079 2369 bis
1097 2323 1367 2385 opinionem
1392 2323 1720 2371 includamus?
1738 2323 1913 2379 Quam-

419 2406 518 2464 vis,
551 2413 600 2451 ut
632 2406 867 2464 diximus,
902 2406 1051 2468 primo
1088 2406 1254 2453 ordine
1290 2420 1530 2468 nunquam
1569 2407 1910 2467 inclaruerint,

419 2490 570 2536 locum
614 2496 766 2536 tamen
806 2490 851 2535 in
889 2489 1124 2536 universae
1162 2489 1355 2536 Graeciae
1388 2489 1582 2537 historia
1626 2496 1910 2549 tenuerunt,

417 2573 542 2633 quod
582 2572 774 2619 minime
811 2579 882 2619 est
922 2572 1236 2619 infitiandum.
1268 2572 1561 2620 venerandae
1587 2573 1711 2620 enim
1739 2586 1904 2621 eorum

417 2655 614 2719 fabulae,
666 2670 800 2717 quae,
852 2655 912 2702 ad
959 2655 1313 2704 renovationem
1373 2655 1537 2703 mundi
1587 2656 1876 2718 pertinentes
1899 2691 1911 2713 ,
