1916 3198
235 198 238 200 -
299 225 352 254 DE
380 224 656 256 OPUNTIORUM
684 225 906 264 cxvl‘rss'ss,
937 224 1114 256 LEGIBUS
1142 226 1281 262 ATQUR
1310 226 1508 257 MORIBUS.
1607 213 1652 255 61

158 301 304 349 variis
321 302 516 351 Graeciae
539 303 749 366 partibus
771 318 972 364 venere,
1001 319 1109 353 sero
1129 305 1400 353 societatem
1427 306 1538 353 fecit
1557 304 1651 369 (⁴).

157 384 240 431 Cui
279 385 536 441 Pindarus,
581 387 628 433 in
669 388 877 434 carmine
917 403 1012 450 quo
1052 388 1414 451 Epharmostum
1458 389 1654 447 laudat,

157 467 381 515 athletam
417 469 644 516 victorem
679 470 858 517 addicit
891 469 982 534 (2).
1019 455 1203 533 ltaque,
1243 478 1293 518 ut
1327 472 1454 534 apud
1491 472 1654 534 Epize-

157 551 350 614 phyrios
377 553 555 599 Centum
576 557 770 614 yentium
800 554 1049 616 progenies
1078 555 1369 602 nobilitatem
1397 556 1651 617 quamdam

156 635 475 684 constituebat
498 635 590 699 (3),
618 638 679 684 ita
702 638 828 699 apud
851 637 1081 700 Opuntios
1104 640 1225 696 Λαοί,
1253 638 1298 684 in
1329 638 1429 700 ipsa
1459 640 1654 700 regione

160 726 263 780 post
295 718 526 766 diluvium
564 721 685 778 nati,
718 722 978 783 principum
1013 722 1227 768 ordinem
1261 722 1365 768 sine
1398 722 1547 770 dubio
1586 724 1654 769 in-

157 801 507 859 formaverunt,
559 804 639 865 qui
692 804 997 866 perduravit,
1036 819 1276 867 quemque
1323 805 1553 852 Pindarus
1607 814 1655 853 et

157 885 363 947 aequales
390 887 493 946 ejus
521 888 662 933 etiam
691 889 1064 935 venerabantur.

219 967 333 1014 Tum
376 969 564 1029 regibus
604 966 863 1033 δημοκρατία
902 971 1162 1029 successit3
1207 973 1291 1019 sed
1332 974 1523 1034 quando
1564 974 1653 1021 hoc

157 1057 238 1096 aut
282 1064 422 1112 quam
473 1052 534 1099 ob
581 1066 769 1100 causam
822 1054 1066 1112 evenerit,
1114 1056 1367 1103 nescimus.
1409 1056 1654 1118 Conjicere

159 1138 314 1180 tamen
360 1134 496 1194 licet,
537 1135 782 1183 Persarum
827 1137 1098 1200 irruptionis
1144 1146 1383 1202 tempore,
1422 1140 1655 1203 Opuntios

153 1217 333 1277 jamdiu
362 1216 642 1283 δημοκρατίαν
670 1220 924 1281 habuisse3
962 1237 1015 1269 ac
1047 1223 1151 1270 sine
1182 1224 1329 1271 dubio
1355 1225 1465 1272 duae
1491 1226 1655 1273 sactio-

161 1313 245 1346 nes
273 1300 319 1346 in
352 1301 542 1349 civitate
570 1310 730 1361 erant,
756 1304 887 1366 plebs
917 1320 1085 1368 nempe
1118 1314 1259 1368 atque
1286 1308 1563 1370 optimates,
1594 1309 1655 1356 de

160 1383 384 1444 imperio,
409 1385 530 1432 sicut
554 1387 680 1448 apud
705 1394 886 1434 ceteras
912 1397 1076 1449 gentes
1094 1426 1106 1447 ,
1135 1389 1256 1436 inter
1282 1405 1333 1438 se
1358 1393 1653 1439 contenden-

163 1472 248 1513 tes.
272 1467 419 1529 Supra
447 1476 603 1516 autem
633 1472 1025 1531 memoravimus,
1052 1473 1173 1519 circa
1203 1474 1408 1520 medium
1435 1476 1652 1536 quintum

159 1549 390 1613 seculum,
417 1559 521 1613 post
547 1567 749 1614 pugnam
774 1555 834 1601 ad
859 1555 1135 1618 OEnophyta
1163 1558 1481 1616 commissam,
1507 1559 1653 1606 Athe·

159 1633 363 1680 nienses·
383 1633 428 1680 in
463 1636 816 1696 septentrionali
843 1637 1020 1684 Graecia
1055 1653 1159 1686 esse
1186 1639 1481 1699 dominatos,
1511 1649 1655 1704 atque

162 1717 273 1764 inde
315 1717 564 1779 populares
612 1726 766 1781 partes
814 1721 989 1782 ubique
1040 1722 1166 1769 vires
1211 1724 1521 1784 acquisivisse
1562 1724 1654 1789 (4).

161 1799 371 1847 Tolmide
406 1815 522 1848 vero
563 1817 708 1865 prope
738 1803 997 1851 Coroneam
1035 1805 1192 1863 victo,
1240 1807 1406 1854 exules
1450 1808 1562 1855 locri
1610 1809 1657 1856 in

160 1883 356 1945 patriam
404 1884 673 1944 redierunt,
717 1902 975 1950 rursusque
1023 1890 1301 1951 optimatum
1351 1891 1471 1938 ordo
1516 1899 1657 1955 caput

161 1966 347 2013 extulit.

223 2048 284 2096 At
307 2049 536 2112 Opuntios
565 2052 782 2100 videmus
812 2060 993 2100 mature
1025 2054 1424 2119 Amphictyonum
1454 2059 1655 2105 consilio

92 2122 96 2126 ⁴
159 2139 435 2193 aggregatos
469 2148 591 2181 esse.
619 2135 745 2181 AEtas
780 2149 894 2183 vero
920 2151 1012 2198 qua
1045 2151 1231 2184 sacrum
1259 2147 1546 2187 conventum
1581 2142 1651 2187 in-

165 2215 416 2273 traverint,
447 2217 506 2262 ab
532 2217 766 2264 historicis
789 2227 916 2266 certe
943 2222 1234 2283 temporibus
1264 2224 1652 2282 remotissimum,

163 2310 248 2344 nos
281 2298 415 2359 fugit.
454 2299 546 2346 Sed
578 2314 604 2346 a
640 2301 871 2363 principio
902 2303 1267 2366 amphictyonici
1299 2306 1508 2367 profecto
1543 2307 1652 2353 facti

162 2387 299 2440 sunt,
329 2396 435 2428 cum
462 2382 795 2443 Meliensibus,
825 2385 1024 2446 OEtaeis,
1054 2377 1343 2448 Perrhaebis‚
1368 2389 1652 2451 Dolopibus,

207 2551 253 2595 (1)
270 2550 388 2596 pind„
409 2553 476 2593 Ol..
498 2554 561 2595 ΙΧ,
583 2556 622 2591 68
643 2567 717 2600 sqq.

203 2611 332 2655 (2)1d.,
355 2613 454 2656 ibid„
473 2614 523 2648 80.

206 2671 249 2714 (3)
270 2671 411 2715 P01yb„
434 2674 516 2715 xn,
534 2675 640 2709 5-6-7.

209 2730 254 2772 (4)
274 2729 321 2767 V.
342 2741 459 2776 supra,
476 2744 511 2776 p.
537 2733 586 2768 15.
