1916 3198
324 262 375 303 58
838 275 889 303 nn
918 274 1064 306 Locrus
1094 275 1304 306 OPUNTHS.

388 354 624 416 Denique,
648 360 699 401 ut
722 368 864 416 supra
891 355 1119 414 diximus,
1146 355 1434 418 Apollinem,
1462 354 1748 401 Mercurium
1773 367 1827 401 ac

324 439 480 485 Musas
518 439 653 485 festis
686 438 969 500 quibusdam
996 438 1191 501 Opuntii
1222 439 1547 496 honorabant,
1577 438 1624 484 in
1651 437 1825 499 quibus

323 522 495 569 scenici
524 522 623 569 ludi
649 523 938 583 agebantur,
969 538 995 570 a
1034 524 1321 586 dionysiacis
1357 521 1614 569 artificibus
1641 521 1827 583 Opunte

323 605 640 652 residentibus
667 606 783 652 editi
811 605 905 669 (l).

388 688 523 744 Quod
550 704 665 736 vero
690 689 860 736 attinet
891 690 951 736 ad
977 689 1293 752 Opuntiorum
1329 691 1624 748 sacerdotes,
1657 690 1825 737 verisi—

324 771 434 818 mile
466 779 537 818 est
563 772 729 819 iisdem
759 773 948 833 legibus
975 780 1116 835 atque
1144 774 1191 819 in
1219 774 1387 820 ceteris
1423 772 1692 820 civitatibus
1722 772 1826 820 illos

323 855 468 901 fuisse
487 855 744 915 subJectos‚
770 870 923 917 neque
949 857 1171 903 videntur
1190 857 1382 918 Opuntii
1406 871 1561 903 rerum
1583 870 1824 903 sacrarum

323 937 562 984 ministros
603 938 854 986 dissimiles
890 939 949 985 ab
984 939 1087 986 aliis
1126 940 1345 1000 gentibus
1385 953 1439 985 ac
1475 939 1565 986 sibi
1611 939 1826 1000 proprios

323 1020 564 1067 habuisse.
594 1021 823 1068 Memorat
852 1028 1006 1069 tamen
1034 1022 1309 1069 Plutarchus
1336 1023 1629 1069 sacerdotem
1658 1035 1826 1083 quem-

322 1103 430 1149 dam
471 1103 550 1164 qui
582 1107 816 1168 κριθολόγος
845 1105 1170 1167 appellabatur
1196 1103 1270 1168 (2)
1300 1122 1308 1151 :
1335 1106 1513 1152 scilicet
1539 1105 1615 1151 hic
1642 1105 1826 1152 hordeo

321 1186 639 1234 examinando
666 1194 767 1234 erat
794 1189 1045 1250 praefectus
1062 1224 1074 1246 ,
1104 1189 1233 1249 quod
1269 1189 1454 1250 templis
1479 1189 1609 1235 cives
1637 1188 1827 1251 ἀπαρχάς

321 1271 575 1331 quotannis
617 1271 1008 1332 suppeditabant.
1043 1271 1098 1318 Et
1133 1279 1266 1318 erant
1302 1272 1396 1319 duo
1435 1271 1559 1333 apud
1595 1271 1825 1332 Opuntios

321 1356 580 1416 κριθολόγοι,
610 1369 732 1400 unus
763 1370 932 1416 nempe
960 1355 1061 1402 deis
1085 1356 1301 1402 addictus
1327 1354 1438 1418 (περὶ
1464 1355 1519 1400 τὰ
1546 1354 1679 1418 θεῖα),
1710 1354 1828 1401 alter

322 1437 622 1484 daemonibus
659 1439 772 1500 (περὶ
813 1439 868 1483 τὰ
909 1435 1141 1502 δαιμόνια).
1181 1438 1316 1494 Quod
1363 1453 1535 1486 munus
1579 1445 1680 1485 erat
1724 1438 1828 1486 sine

322 1519 474 1566 dubio
498 1521 829 1580 veterrimum,
853 1536 958 1568 cum
983 1522 1213 1569 hordeum
1236 1522 1495 1584 antiquitus
1517 1523 1562 1568 in
1585 1521 1827 1569 sacrificiis

322 1612 599 1668 usurpatum
626 1612 752 1652 esset
772 1622 784 1665 3
808 1612 908 1652 erat
931 1611 978 1652 et
1000 1605 1216 1668 Opuntiis
1240 1607 1438 1654 omnino
1463 1605 1715 1669 peculiare.

387 1689 455 1736 De
502 1689 732 1750 religione
772 1696 928 1736 autem
971 1690 1095 1736 illius
1132 1690 1285 1750 gentis
1321 1691 1435 1736 nihil
1473 1690 1599 1736 aliud
1639 1703 1826 1751 compe-

322 1773 487 1818 rimus.
520 1772 690 1819 Nullus
725 1772 867 1833 igitur
899 1773 1076 1834 patrius
1112 1773 1234 1820 idem
1274 1781 1415 1834 atque
1445 1773 1638 1819 illustris
1673 1773 1825 1819 cultus
1863 1781 1866 1783 ’

319 1856 445 1917 apud
515 1856 618 1903 illos
675 1856 791 1914 fuit,
847 1871 1012 1903 verum
1078 1857 1192 1903 deos
1255 1858 1314 1903 ab
1374 1857 1594 1904 omnibus
1645 1856 1823 1903 Graecis

321 1939 542 1987 adoratos
600 1946 646 1986 et
697 1940 784 2002 ipsi
833 1940 1192 1998 adoraverunt;
1240 1947 1334 1987 tum
1387 1941 1540 1988 cultus
1590 1940 1822 2002 quosdam

322 2021 582 2082 ignobiles,
635 2022 718 2068 sed
767 2023 1088 2080 Deucalionis,
1133 2023 1348 2086 Pyrrhae,
1395 2024 1632 2082 Herculis,
1684 2025 1822 2084 troJa-

320 2119 488 2152 norum
546 2104 739 2152 heroum
798 2105 978 2152 fabulas
1031 2107 1320 2165 referentes,
1371 2107 1598 2167 singulari
1651 2108 1824 2169 pietate

320 2202 507 2250 semper
558 2188 933 2236 celebraverunt.
987 2190 1081 2236 Nec
1132 2190 1300 2237 mirum
1355 2208 1364 2237 ε
1414 2205 1646 2254 pauperes
1697 2191 1821 2238 enim

317 2271 623 2333 abruptorum
675 2273 902 2320 montium
949 2273 1141 2331 incolae,
1183 2281 1424 2337 pastores,
1460 2274 1599 2321 etiam
1640 2274 1821 2336 opuntii

317 2354 470 2415 campi
498 2355 717 2414 agricolae
745 2370 835 2403 non
865 2355 1102 2403 habebant
1131 2357 1256 2403 unde
1287 2356 1532 2418 magnifice
1560 2356 1675 2404 deos
1698 2357 1821 2404 cole-

320 2443 440 2483 rent.
470 2437 516 2483 Si
548 2437 1004 2486 Pseudo-Plutarcho
1038 2440 1329 2487 credendum
1364 2447 1461 2498 est,
1490 2454 1624 2502 cum,
1658 2447 1708 2486 ut
1737 2455 1822 2502 pu-

319 2519 441 2567 blica
470 2521 678 2568 facerent
698 2521 951 2582 sacrificia,
979 2523 1110 2572 Locri
1132 2523 1284 2571 bobus
1310 2530 1548 2582 carerent,
1568 2538 1814 2571 cucumem

356 2716 403 2757 (l)
425 2715 684 2759 Evstmnadts,
708 2719 850 2762 (liccem.
873 2722 930 2755 cit.

359 2775 533 2818 (2)P1ut.‚
556 2779 677 2818 Qumae.
695 2787 807 2821 arm„
830 2780 861 2813 0.

1892 61 1916 76 ,2-
1882 0 1916 53 zzz
