1916 3198
623 254 675 284 nn
703 253 835 284 annus
864 252 1156 284 OPUNTIORUM.
1590 239 1639 280 15

149 336 272 383 circa
298 335 536 396 regionem
558 339 810 396 occuparet
829 333 1083 380 exercitus.
1114 332 1169 378 Et
1196 331 1410 379 barbaris
1437 330 1638 394 subjecti

151 418 439 481 aliquamdiu
458 417 651 480 Opuntii
676 417 866 464 suerunt
885 414 979 480 (l),
1009 423 1055 463 et
1080 416 1262 479 persico
1278 417 1394 477 jugo
1414 415 1637 462 submissi

152 516 302 564 usque
327 501 388 548 ad
412 506 695 564 reportat-am
718 500 845 562 apud
869 500 1064 547 Plataeas
1095 500 1341 548 victoriam
1366 500 1470 547 sine
1494 499 1641 547 dubio

152 590 441 632 manserunt.

214 667 467 716 Obscurior
494 668 668 716 deinde
694 667 745 714 fit
775 668 1026 715 Locrorum
1065 667 1279 714 historia.
1310 667 1542 714 Discimus
1571 675 1641 715 ta-

154 766 260 800 men
290 766 372 800 eos
397 751 522 799 bello
549 751 819 799 interfuisse
841 751 969 813 qnod
986 787 999 809 ‚
1032 750 1279 798 desinente
1307 751 1462 813 priore
1488 751 1641 813 quinti

151 835 299 883 seculi
326 841 457 898 parte
474 870 489 897 ‚
527 835 649 881 inter
681 833 995 882 Athenienses
1020 847 1075 881 ac
1102 835 1483 882 Lacedaemonios
1510 849 1642 882 coor-

154 926 251 966 tum
276 925 382 976 est,
421 919 468 965 in
500 933 595 980 quo
623 917 935 966 Athenienses
964 918 1023 964 ad
1049 918 1305 979 Tanagram
1342 919 1452 966 caesi
1473 955 1483 974 ,
1516 918 1640 965 haud

155 1002 301 1050 multo
339 1008 443 1064 post
483 1001 774 1064 OEnophytis
818 1002 1034 1049 vicerunt
1071 1000 1187 1064 (456
1221 1016 1264 1050 a.
1302 1002 1350 1048 C.
1392 1002 1483 1066 n.).
1526 1003 1643 1049 Tum

153 1085 373 1148 Opuntii,
401 1100 428 1132 a
452 1086 696 1149 Myronide
723 1086 843 1133 duce
869 1086 1121 1148 deprensi,
1150 1093 1338 1132 centum
1365 1087 1643 1149 optimatum

154 1183 350 1231 corpora
377 1169 567 1217 obsides
596 1169 889 1216 tradiderunt
914 1167 1006 1232 (2).
1047 1169 1161 1216 Inde
1190 1185 1271 1232 per
1305 1172 1556 1217 Locrorum
1592 1186 1647 1218 ac

156 1251 463 1299 Phocensium
488 1266 626 1313 agros
652 1252 745 1299 late
771 1252 998 1300 dominati
1026 1260 1136 1300 sunt
1165 1252 1479 1301 Athenienses
1506 1262 1649 1316 atque

157 1333 206 1380 in
232 1334 450 1382 omnibus
472 1335 742 1382 civitatibus
763 1333 1049 1399 δημοκρατίαν
1075 1338 1446 1396 constituerunt,
1481 1339 1652 1401 princi-

161 1430 338 1478 pesque
363 1417 639 1479 optimatum
667 1425 923 1479 coegerunt
951 1426 1001 1466 ut
1027 1420 1293 1466 exularent.
1320 1421 1435 1466 Tum
1457 1436 1649 1484 quoque

161 1500 345 1562 populis
371 1499 729 1548 Atheniensium
757 1502 920 1548 amicis
945 1505 1242 1549 annumerati
1272 1511 1382 1550 sunt
1408 1505 1570 1563 Locri,
1602 1505 1650 1551 id

160 1589 230 1630 est
252 1583 308 1629 iis
332 1583 412 1644 qui
429 1619 444 1642 ,
475 1583 519 1629 in
557 1584 752 1631 aliarum
781 1586 990 1646 gentium
1020 1587 1331 1646 commercio,
1357 1588 1479 1634 sicut
1504 1588 1650 1636 Athe-

160 1666 347 1713 nienses
373 1681 424 1713 se
450 1681 633 1727 gerere,
666 1675 730 1724 et,
760 1683 867 1714 cum
892 1668 1123 1729 flagitaret
1158 1671 1444 1729 necessitas,
1481 1673 1651 1720 milites

159 1748 462 1811 suppeditare
502 1749 814 1810 adigebantur
852 1750 943 1814 (3).
984 1752 1075 1799 Sed
1122 1752 1223 1799 haec
1262 1767 1425 1814 parum
1454 1755 1654 1803 durave-

160 1838 285 1878 runt.
313 1832 479 1878 Decem
506 1833 630 1879 enim
655 1847 806 1880 annos
834 1841 938 1896 post
963 1835 1261 1882 commissam
1284 1837 1344 1883 ad
1373 1837 1652 1901 OEnophyta

163 1929 363 1976 pugnam
385 1950 398 1973 ,
428 1916 716 1963 rebellarunt
739 1917 906 1975 Boeoti,
937 1918 1133 1980 duxque
1156 1920 1446 1968 atheniensis
1479 1922 1651 1969 Tolmi-

163 1997 276 2056 des,
314 2012 419 2045 cum
459 2000 520 2045 ad
557 1999 813 2047 Coroneam
844 2001 987 2048 boeoti
1009 2037 1021 2059 ,
1054 2002 1346 2064 phocenses,
1394 2005 1540 2063 locri,
1570 2020 1654 2053 eu-

91 2125 95 2129 ,
163 2079 379 2128 boeenses
412 2082 577 2129 exules
603 2097 710 2130 eum
744 2092 902 2131 essent
928 2086 1171 2146 aggressi,
1203 2087 1400 2149 turpiter
1437 2087 1654 2150 profliga-

164 2169 238 2210 tus
276 2171 347 2210 est
371 2162 465 2228 (t).
502 2164 563 2212 At
590 2181 675 2213 rex
704 2167 881 2215 interea
909 2169 1178 2216 Plistoanax
1212 2185 1317 2217 cum
1353 2172 1649 2220 Lacedaemo·

166 2246 348 2295 niorum
374 2250 584 2296 exercitu
606 2250 773 2298 Atticae
800 2252 1093 2300 imminebat.
1121 2253 1236 2308 Quae
1258 2270 1363 2301 cum
1382 2255 1444 2302 ita
1471 2265 1653 2316 essent,
1688 2264 1694 2268 ’

209 2463 252 2505 (1)
273 2461 399 2506 Thuc„
421 2462 521 2507 VIII,
542 2465 593 2506 43,
615 2464 644 2499 3.

208 2523 337 2566 (⁴2)1d.,
359 2524 386 2564 1,
412 2524 479 2566 108,
502 2526 538 2564 3;
562 2526 663 2560 Diod.
685 2526 771 2567 Sic„
796 2524 860 2569 Xl,
882 2529 933 2569 83,
953 2529 984 2562 2.
1007 2548 1043 2555 —
1064 2529 1152 2564 Cum
1170 2532 1225 2564 his
1242 2537 1386 2566 centum
1406 2534 1547 2567 civibus
1566 2543 1658 2568 com-

165 2584 330 2624 parandae
350 2588 432 2618 sunt
451 2584 768 2628 Epizephyriorum
793 2589 933 2622 Centum
947 2596 1077 2632 yemes,
1093 2591 1136 2623 de
1149 2593 1278 2633 quibus
1297 2602 1416 2635 supra,
1437 2604 1470 2636 p.
1499 2594 1549 2634 11,
1572 2604 1606 2630 n.
1631 2596 1658 2635 1,

167 2642 365 2676 retulimus.

211 2700 254 2742 (3)
277 2700 320 2734 V.
341 2702 460 2744 Grote,
477 2714 531 2746 op.
553 2706 624 2742 cit„
642 2705 722 2746 VII,
741 2717 774 2749 p.
795 2708 868 2747 325,
888 2709 962 2742 328.

209 2759 254 2802 (4)
274 2760 399 2802 Thac..
416 2764 444 2802 Ι,
466 2763 537 2797 113.
