1956 3184
323 257 365 300 g
373 255 416 283 iv
426 241 444 280 i
992 249 1246 280 moonmtm.

368 345 583 394 quaenam
608 329 919 392 Opuntiorum
950 329 1124 376 fuerint
1150 335 1276 375 artes
1295 364 1305 384 ‚
1335 328 1576 390 quodnam
1603 328 1864 390 ingenium.

433 415 674 462 Postremo
701 420 748 459 et
773 413 874 475 ipsa
900 412 1021 471 loca,
1042 426 1169 459 anno
1192 411 1341 467 ⁴877,
1359 412 1627 471 invisimus,
1655 418 1701 459 et
1719 411 1871 474 Opun-

371 501 459 547 tios
483 506 623 560 atque
661 496 1012 559 Epicnemidios
1052 509 1203 557 usque
1229 496 1289 542 ad
1316 495 1654 559 Thermopylas
1684 496 1868 558 perlus-

372 583 624 640 travimus3
652 582 806 642 inqua
834 579 1222 642 peregrinatione
1248 579 1548 640 antiquarum
1592 578 1778 625 urbium
1812 579 1872 626 si-

371 674 446 713 tus
471 665 767 723 notavimus,
807 663 967 710 titulos
1012 676 1164 724 nuper
1216 662 1420 710 effossos
1462 662 1868 725 transcripsimus,

370 755 537 796 cuncta
560 748 765 809 deniqne
792 752 1096 794 monumenta
1127 745 1424 808 inspeximus
1442 782 1454 803 ,
1495 760 1602 807 quae
1637 745 1871 807 quotidia-

372 846 460 878 nus
488 843 774 892 paganorum
814 829 946 876 labor
972 829 1020 875 in
1042 828 1194 875 lucem
1223 829 1434 890 proferre
1462 828 1600 875 solet.
1639 828 1737 891 lta,
1763 841 1871 874 cum

372 915 578 962 viatores
593 913 806 975 quidam,
823 912 973 959 Leake
984 910 1028 975 (l
1039 910 1078 975 >,
1094 911 1460 959 Forchhammer
1476 910 1563 974 (2),
1578 911 1761 958 Ulrichs
1776 909 1870 974 (3),

372 999 572 1059 Ludwig
597 997 713 1044 Ross
735 995 827 1058 (4),
858 996 960 1043 illas
984 996 1202 1057 regiones
1221 997 1318 1056 jam
1348 995 1724 1058 peragraverim,
1750 1009 1872 1042 non-

374 1082 500 1129 nulla
528 1083 669 1128 etiam
693 1081 915 1142 colligere
939 1080 1200 1142 potuimus,
1226 1094 1334 1141 quae
1357 1079 1513 1126 adhuc
1535 1085 1616 1125 aut
1636 1078 1874 1140 incognita

373 1172 454 1213 aut
477 1179 640 1227 parum
675 1164 863 1225 cognita
889 1171 1050 1221 erant,
1088 1177 1290 1225 quaeque
1324 1162 1636 1225 Opuntiorum
1662 1162 1875 1210 historiae

371 1264 495 1297 nova
540 1249 823 1296 documenta
849 1254 1125 1310 suppetunt.

436 1333 618 1390 Quare,
654 1347 680 1379 e
704 1332 984 1393 scriptorum
1017 1330 1326 1388 testimoniis,
1360 1329 1708 1389 monumentis,
1748 1330 1872 1377 loco-

374 1432 473 1464 rum
504 1416 731 1463 memoria
759 1415 1010 1461 restituere
1033 1414 1166 1460 illum
1194 1414 1420 1476 populum
1448 1413 1736 1461 tentavimus
1757 1450 1768 1471 ,
1794 1414 1875 1475 qui

373 1503 420 1547 in
450 1500 687 1547 universae
716 1498 913 1545 Graeciae
942 1497 1194 1545 annalibus
1230 1498 1405 1559 primas
1447 1503 1602 1559 partes
1635 1511 1874 1558 nunquam

373 1584 606 1641 obtinuit,
656 1589 856 1645 apparet
898 1590 1056 1628 tamen
1099 1581 1326 1643 peculiari
1370 1580 1597 1642 praeditus
1634 1580 1793 1627 indole
1828 1581 1875 1627 in

375 1681 543 1728 magna
569 1666 842 1713 Graecorum
867 1664 1003 1726 qnasi
1028 1664 1223 1722 familia,
1243 1663 1379 1726 cujus
1399 1677 1507 1725 pars
1528 1662 1654 1710 haud
1675 1669 1878 1711 contem·

376 1751 529 1798 nenda
554 1757 642 1797 est.
672 1749 974 1810 Quanquam,
1010 1747 1374 1794 Atheniensium
1405 1747 1673 1794 humanitas
1693 1783 1703 1803 ‚
1734 1747 1874 1795 Lace-

376 1834 716 1883 daemoniorum
749 1833 881 1879 ferox
910 1831 1096 1878 animus
1123 1845 1177 1877 ac
1207 1831 1424 1877 militaris
1466 1830 1699 1878 institutio
1734 1830 1876 1878 multa

378 1934 462 1966 nos
491 1918 637 1978 magis
664 1916 895 1963 alliciunt.
920 1916 1030 1972 Sed,
1055 1923 1159 1978 post
1181 1929 1374 1976 magnas
1398 1914 1502 1961 illas
1516 1914 1751 1972 civitates,
1770 1920 1880 1961 sunt

377 2002 483 2049 aliae
512 2001 787 2047 humiliores
807 2036 818 2058 ‚
849 2013 1046 2061 quarum
1079 1999 1249 2046 fabulae
1270 2035 1281 2057 ‚
1316 1998 1472 2059 legeS‚
1505 2011 1660 2045 mores
1686 1998 1878 2045 minime

378 2093 488 2132 sunt
517 2084 804 2145 negligendi.
835 2083 946 2130 Haec
980 2083 1026 2129 in
1061 2090 1218 2129 mente
1258 2082 1517 2140 habentes,
1554 2095 1633 2140 ea,
1664 2094 1772 2143 quae
1805 2095 1877 2129 se-

379 2175 604 2231 quuntur,
639 2166 1034 2229 conscripsimus,
1067 2180 1158 2213 non
1194 2166 1297 2212 sine
1323 2165 1532 2226 jucunda
1563 2165 1766 2227 quadam
1812 2178 1880 2211 re-

379 2252 528 2299 centis
552 2250 734 2298 itineris
762 2264 816 2296 ac
842 2249 1014 2297 laboris
1044 2249 1392 2296 recordatione.

424 2422 470 2464 (t)
492 2421 624 2455 fraveit
642 2422 683 2454 in
701 2421 870 2454 Northern
889 2422 1016 2460 Grec-ce,
1037 2419 1080 2458 11,
1104 2430 1137 2462 p.
1166 2419 1222 2454 169
1243 2428 1317 2461 sqq.

424 2483 469 2524 (2)
487 2481 681 2521 Ilellenika,
705 2491 738 2524 p.
764 2479 877 2513 11-12.

427 2541 470 2582 (3)
491 2542 610 2574 [leiren
629 2541 700 2574 und
722 2540 959 2582 Forschunqen
976 2540 1016 2573 in
1036 2539 1306 2578 Griechcnland,
1331 2537 1356 2577 1,
1377 2548 1411 2581 p.
1431 2537 1494 2570 227
1515 2547 1590 2580 sqq.

425 2602 471 2643 (4)
492 2602 611 2635 neum
628 2601 683 2634 dex
704 2601 832 2641 Kortia:
855 2601 948 2640 Otw,
971 2600 996 2640 1,
1017 2609 1049 2641 p.
1067 2599 1107 2633 93
1125 2608 1210 2641 sqq;
1236 2596 1281 2636 11,
1304 2607 1337 2640 p.
1362 2596 1419 2631 13⁴
1439 2606 1513 2639 sqq.
