1916 3198
742 260 796 290 m:
824 247 1031 291 ammos?
1580 246 1629 287 87

135 345 230 390 σίνω
273 340 572 398 habendum,
619 345 672 386 ut
710 339 870 387 Koerte
910 340 1132 402 proponit
1172 339 1265 404 (l).
1315 340 1376 386 At
1412 339 1630 402 superius

135 426 380 474 marmoris
416 424 538 471 latus
565 430 694 471 torus
721 423 911 486 paulum
942 425 1214 486 prominens
1241 425 1455 481 decorat,
1486 437 1628 485 supra

131 523 272 572 quem
313 514 642 556 ornamentum
678 507 838 554 Koerte
864 507 1102 569 depictum
1142 508 1500 570 deprehendere
1537 507 1627 553 sibi

134 591 348 648 videtur,
380 589 508 652 quod
538 604 624 638 nos
649 590 841 636 minime
867 590 1308 637 animadvertimus

195 674 293 722 Hoc
318 680 475 721 autem
515 673 827 734 fragmentum
861 673 1014 734 quinti
1046 674 1192 720 seculi
1228 673 1483 736 sculpturae
1519 686 1627 734 spe-

129 759 282 806 cimen
313 764 386 806 est
418 758 629 820 insigne,
659 764 736 817 et,
774 772 1044 819 quanquam
1080 772 1141 805 ex
1181 758 1401 818 ignobilis
1437 756 1629 803 artificis

132 842 347 889 manibus
383 841 565 896 evasit,
605 855 696 888 non
742 841 846 888 sine
894 841 1059 887 subtili
1094 841 1300 902 quodam
1338 841 1450 887 artis
1486 854 1628 886 sensu

129 925 216 972 fuit
237 925 554 973 informatum.
575 924 749 982 Quare,
769 924 808 971 si
827 924 1051 986 opuntius
1074 931 1174 971 erat
1194 925 1403 986 sculptor
1430 924 1577 985 (quod
1600 938 1627 970 a

128 1009 328 1058 veritate
347 1008 540 1055 minime
558 1006 822 1070 abhorret),
843 1021 1010 1068 magna
1031 1021 1138 1069 pars
1156 1007 1308 1054 laudis
1325 1007 1383 1053 ad
1400 1006 1628 1069 Opuntios

129 1091 380 1140 redundat.
410 1091 685 1138 Inferiorem
714 1105 830 1138 vero
857 1098 1034 1152 partem
1064 1091 1199 1138 facile
1226 1098 1382 1137 mente
1408 1090 1628 1137 restitue-

134 1175 217 1234 ris,
243 1175 283 1222 si
306 1175 353 1222 in
371 1174 644 1222 memoriam
671 1174 972 1221 revocaveris
995 1173 1149 1220 simile
1168 1188 1332 1236 prope,
1352 1174 1435 1220 sed
1454 1174 1625 1233 majus,

131 1258 479 1322 anaglyphum,
515 1257 644 1319 quod
679 1257 802 1304 circa
828 1259 1088 1315 Rhomat'cb,
1119 1257 1247 1304 haud
1287 1257 1447 1319 procul
1484 1271 1510 1302 a
1545 1271 1627 1303 ve·

133 1348 232 1389 tere
246 1341 509 1404 Minyarum
523 1339 835 1398 Orchomeno,
850 1340 1031 1400 jamdiu
1050 1348 1285 1402 repertum
1303 1347 1375 1387 est
1390 1339 1479 1403 (2).
1499 1340 1628 1386 Sicut

133 1439 246 1486 ergo
270 1425 318 1472 in
346 1424 427 1480 illo
447 1438 681 1472 marmore
697 1459 713 1482 ,
738 1425 811 1471 vir
834 1425 881 1470 in
907 1431 1067 1471 nostro
1092 1431 1457 1486 repraesentatus
1483 1424 1628 1486 pedes

132 1507 425 1570 complicitos
447 1508 551 1554 sine
578 1507 726 1554 dubio
750 1506 982 1566 habebat3
1014 1508 1170 1554 forsan
1199 1515 1245 1553 et
1267 1507 1327 1553 ad
1352 1507 1477 1554 hunc
1497 1507 1627 1554 canis

134 1591 318 1654 placide
340 1591 513 1638 sedens
536 1598 677 1653 caput
696 1591 955 1639 attollebat.
980 1590 1221 1653 Quidquid
1246 1592 1293 1637 id
1320 1599 1408 1648 est,
1439 1592 1627 1652 quietus

134 1674 211 1722 hic
237 1681 284 1722 et
308 1689 505 1722 serenus
538 1674 727 1721 habitus
754 1689 859 1720 cum
890 1674 1093 1735 imagine
1130 1675 1337 1721 defuncti
1375 1675 1490 1721 mire
1518 1689 1628 1722 con-

133 1758 299 1805 venit:
331 1764 584 1820 utrumque
609 1758 734 1804 enim
763 1766 1118 1804 monumentum
1153 1759 1212 1805 ad
1249 1765 1445 1806 mortem
1482 1759 1626 1820 perti-

133 1847 228 1888 net.
259 1841 334 1888 Sic
360 1841 676 1889 Athenienses
709 1856 876 1899 senes,
903 1842 971 1888 sic
998 1842 1134 1889 otiosi
1169 1843 1298 1889 cives
1329 1843 1374 1888 in
1404 1843 1504 1890 foro
1531 1850 1625 1889 sta-

131 1924 262 1984 bant,
279 1925 376 1986 jam
397 1924 647 1972 deficiente
669 1926 746 1972 die
763 1961 775 1982 ,
800 1926 985 1986 quoties
1002 1962 1012 1982 ,
1035 1926 1218 1972 diurnis
1240 1927 1439 1987 negotiis
1462 1927 1622 1984 liberi,

132 2009 253 2056 inter
291 2023 343 2056 se
375 2009 579 2069 garruli,
618 2024 747 2056 more
783 2010 1083 2071 cicadarum,
1121 2010 1432 2057 disserebant.
1475 2011 1539 2056 lta
1579 2012 1623 2056 in

0 2092 9 2168 s
41 2095 43 2098 ’
79 2107 84 2112 ⁴
131 2092 359 2154 sepulcris
385 2105 460 2139 ars
488 2092 631 2139 vitam
659 2093 783 2155 apud
810 2093 997 2140 Graecos
1024 2094 1291 2155 exprimere
1317 2095 1517 2151 solebat,
1545 2095 1625 2140 mi-

132 2173 273 2220 nime-
299 2188 415 2221 vero
456 2174 569 2221 vitae
609 2175 895 2222 alacritatem
934 2190 987 2222 ac
1026 2176 1305 2233 tumultum,
1344 2177 1427 2223 sed
1463 2192 1621 2238 pacem

131 2256 256 2303 illam
287 2264 508 2318 tanquam
537 2258 854 2320 vespertinam
886 2273 990 2320 quae
1012 2259 1234 2305 diurnum
1263 2268 1437 2307 motum
1468 2263 1623 2321 sequi-

133 2346 230 2398 tur,
260 2354 462 2402 quaeque
490 2349 561 2388 est
588 2355 613 2387 a
642 2341 738 2388 vita
765 2342 898 2402 quasi
926 2343 984 2389 ad
1013 2350 1209 2390 mortem
1239 2344 1479 2390 transitus.

173 2536 218 2579 (1)
239 2535 284 2569 V.
307 2536 396 2570 Butt.
418 2537 458 2570 de
477 2547 563 2571 corr.
587 2538 722 2579 hellen„
750 2541 797 2581 11,
817 2551 851 2583 p.
875 2540 947 2578 588,
970 2550 1004 2573 n.
1024 2541 1056 2581 7,
1077 2543 1147 2574 tab.
1171 2540 1307 2579 XXVI.
1330 2551 1366 2574 n.
1385 2542 1435 2575 20.

172 2596 220 2638 (2)
237 2595 283 2630 V.
304 2596 440 2634 Koerte.
460 2598 567 2631 liuh.
589 2599 624 2631 d.
643 2600 677 2632 d.
701 2601 796 2633 arch.
814 2601 895 2634 Inst.
917 2601 956 2634 in
975 2601 1094 2641 Athen,
1119 2601 1184 2638 ΙΙΙ,
1206 2612 1240 2643 p.
1260 2602 1332 2640 3¹5.
1350 2612 1383 2634 n.
1405 2603 1436 2634 8.
1457 2601 1508 2635 Cr.
1531 2612 1626 2636 com-

131 2656 350 2697 parationem
367 2658 475 2699 hujus
492 2660 684 2702 anaglyphi
701 2670 807 2702 quam
824 2661 907 2694 fecit
924 2659 1068 2702 Heuzey
1084 2671 1166 2694 cum
1183 2662 1252 2694 alio
1269 2664 1468 2704 anaglypho
1488 2665 1531 2695 ab
1550 2664 1627 2704 ipso

131 2723 239 2758 prope
258 2719 413 2750 veterem
433 2717 641 2752 Pharsalum
659 2723 817 2762 reperto,
839 2720 988 2754 Journal
1012 2722 1069 2754 des
1089 2722 1260 2762 savants,
1292 2721 1370 2756 1868
1383 2747 1392 2761 ,
1420 2733 1452 2764 p.
1481 2722 1562 2758 456.
1591 2724 1627 2754 in

131 2777 226 2808 nota.
